2654 4816
199 357 244 437 [μ
481 351 520 417 u.
549 320 724 418 eniuu
749 351 847 417 nra.
875 351 988 417 vus.

198 475 239 543 ab
259 472 350 540 omni
368 470 471 540 latere
490 473 713 567 perspicitur:
733 454 849 541 eadem
866 496 953 564 aqua
972 472 1097 564 pariter
1114 497 1276 566 suspensa

197 597 230 650 et
249 605 368 650 mersa.
391 581 565 650 Interdum
580 583 706 675 junctae
724 581 954 676 copulataeque
974 596 1007 649 et
1026 585 1214 651 continenti
1234 587 1276 653 si·

196 690 292 759 miles
314 706 412 778 sunt3
434 691 604 760 interdum
626 691 895 762 discordantibus
916 694 1024 760 ventis
1042 692 1273 788 digeruntur:

196 825 441 895 nonnunquam
468 801 656 887 destitutae,
679 800 940 896 tranquillitate,
965 804 1103 899 singulae
1124 805 1271 876 fluitant.

162 935 179 986 7
196 913 290 1004 Saepe
308 911 455 979 minores
471 913 672 1006 majoribus,
685 910 775 980 velut
791 912 953 1005 cymbulae
966 915 1149 1003 onerariis,
1163 915 1273 985 adhae-

195 1036 348 1109 rescunt3
368 1046 454 1115 saepe
472 1022 561 1089 inter
578 1047 612 1089 se
631 1023 773 1115 majores
791 1024 1004 1117 minoresque
1018 1025 1116 1117 quasi
1134 1050 1272 1094 cursum

195 1132 644 1226 certamenquedesumunt3
665 1156 779 1200 rursus
794 1156 910 1200 omnes
929 1133 964 1200 in
983 1133 1139 1201 eumdem
1159 1133 1272 1202 locum

195 1242 361 1336 appulsae,
375 1267 442 1334 qua
454 1255 637 1324 steterunt,
651 1256 852 1335 promovent
865 1258 1008 1327 terram,
1023 1259 1057 1311 et
1072 1243 1174 1312 modo
1188 1244 1272 1331 hac,

196 1352 297 1420 modo
314 1351 408 1436 illac,
426 1352 536 1420 lacum
553 1352 699 1420 reddunt
712 1353 958 1446 auferuntque3
971 1380 1009 1422 ac
1026 1369 1098 1422 tum
1114 1356 1272 1443 demum,

160 1483 176 1535 8
195 1488 301 1557 quum
318 1463 467 1532 medium
487 1478 645 1549 tenuere,
660 1488 729 1531 non
744 1464 957 1532 contrahunt.
973 1467 1132 1551 Constat,
1148 1491 1272 1559 pecora

195 1573 315 1642 herbas
338 1589 499 1667 sequuta,
524 1574 628 1642 sicin
650 1572 794 1658 insulas,
813 1587 851 1640 ut
873 1575 907 1640 in
933 1588 1118 1642 extremam
1138 1576 1269 1668 ripam,

192 1683 375 1779 procedere
388 1685 509 1771 solere,
522 1710 583 1753 nec
595 1686 688 1779 prius
700 1683 885 1779 intelligere
898 1684 1021 1752 mobile
1034 1683 1157 1772 solum,
1167 1709 1271 1778 quam

192 1792 291 1864 litore
308 1796 465 1888 abrepta,
485 1795 579 1888 quasi
599 1794 689 1863 illata
704 1810 738 1863 et
755 1796 929 1890 imposita,
944 1796 1183 1864 circumfusum
1203 1822 1270 1864 un·

192 1906 294 2000 dique
311 1905 421 1974 lacum
436 1919 577 1999 pavent3
590 1930 668 1972 mox
683 1930 750 1999 quo
770 1905 884 1974 tulerit
902 1921 1022 1973 ventus
1038 1930 1186 2000 egressa,
1199 1931 1270 1973 non

192 2019 298 2111 magis
317 2041 352 2085 se
369 2016 577 2084 descendisse
594 2017 731 2100 sentire,
755 2041 857 2110 quam
878 2016 1043 2084 senserint
1067 2015 1267 2086 ascendisse.

157 2127 285 2196 eldem
310 2127 401 2196 lacus
425 2128 461 2195 in
486 2127 613 2195 flumen
637 2129 806 2220 egeritur3
826 2126 919 2220 quod
943 2127 1002 2193 ubi
1028 2151 1062 2194 se
1086 2125 1271 2220 paullisper

193 2237 299 2305 oculis
314 2236 421 2321 dedit,
436 2262 538 2330 specu
553 2238 736 2332 mergitur,
751 2236 883 2330 alteque
899 2236 1073 2305 conditum
1089 2251 1176 2304 meat
1191 2263 1198 2304 :
1214 2261 1269 2320 ac,

97 2383 99 2387 ·
194 2349 222 2415 si
240 2347 339 2440 quid,
355 2362 433 2415 ante
451 2372 552 2441 quam
571 2347 832 2434 subduceretur,
848 2348 997 2442 accepit,
1017 2362 1126 2415 servat
1143 2362 1177 2414 et
1195 2372 1270 2441 pro

228 2555 255 2602 6.
268 2553 364 2600 Eadem
374 2568 572 2616 aqua...mersa.
581 2548 705 2600 Genuina
754 2548 886 2602 scribendi
903 2549 1058 2615 veritatem,
1077 2548 1123 2600 sed
1141 2562 1168 2600 et
1183 2561 1268 2601 artem

192 2630 248 2681 haec
257 2629 346 2692 lectio,
356 2629 400 2681 cui
406 2629 508 2681 oraculi
516 2628 630 2680 Medieei
641 2629 705 2681 effa·
754 2639 878 2681 sectatur.
893 2631 980 2681 Locus
993 2647 1104 2699 sequens
1120 2628 1154 2681 de
1166 2628 1269 2699 pecori·

193 2719 250 2760 tum
263 2708 379 2779 preferri
389 2727 445 2760 non
456 2707 579 2760 debebat.
593 2709 703 2763 Sensus:
752 2709 803 2760 bus
819 2708 846 2759 in
863 2708 961 2760 insulas
974 2707 1067 2774 delatis
1081 2727 1114 2760 ex
1126 2708 1221 2774 litore,
1240 2708 1269 2760 in

192 2787 267 2840 radix
279 2788 312 2839 ita
325 2806 412 2840 mersa
423 2800 462 2840 est
474 2806 561 2859 aqua,
576 2800 605 2839 ut
615 2801 705 2840 tamen
753 2787 840 2840 verbis
861 2797 887 2838 et
907 2787 1043 2839 sententiis
1064 2787 1267 2857 exquisitiores,

193 2867 271 2919 simul
288 2867 396 2936 (eadem
416 2871 498 2938 aqua)
519 2886 644 2938 suspensa
662 2868 704 2920 sit.
755 2885 836 2939 quam
848 2885 898 2938 pro
908 2867 1061 2918 narratione
1072 2866 1137 2929 tali,
1152 2866 1231 2919 flores
1242 2879 1269 2920 et

192 2948 271 3000 Errat
289 2947 393 3001 Cortius
415 2947 449 3000 de
468 2945 558 2999 radice
578 2946 630 2999 alia
648 2964 705 2998 sus-
755 2947 856 2998 colores
873 2945 962 2997 babet.
981 2947 1013 2997 ln
1031 2946 1072 2998 his
1090 2945 1187 2998 talibus
1202 2947 1268 2999 loc'is

193 3048 293 3100 pensa,
304 3029 356 3082 alia
369 3047 455 3081 mersa
465 3029 592 3099 cogitans.
607 3027 633 3081 S.
754 3026 854 3078 tirones
867 3024 1027 3077 immorandi
1037 3037 1113 3091 sunt,
1126 3027 1268 3096 [tironibus

228 3137 265 3149 --
281 3112 418 3160 Destitutoe.
440 3110 567 3160 Destituere
586 3126 602 3159 a
621 3106 706 3159 ventis
754 3104 950 3158 immorandum
961 3107 1020 3176 est,]
1032 3117 1062 3159 ut
1071 3106 1174 3159 discant
1183 3119 1268 3160 artem

193 3189 331 3254 nimirum,
343 3191 531 3256 tranquillitate,
543 3205 626 3259 quum
636 3198 706 3238 tran·
756 3197 781 3237 et
795 3186 913 3256 argutias
926 3198 953 3237 et
966 3186 1089 3238 acumina
1102 3206 1228 3251 noscere,
1242 3200 1268 3240 et

194 3267 310 3339 quillitas
333 3280 371 3320 est
393 3287 400 3320 :
424 3269 512 3338 itaque
533 3264 706 3318 incidendum
754 3278 850 3318 arecta
861 3266 964 3319 ratione
982 3278 1008 3318 et
1023 3266 1135 3338 simplici
1151 3266 1268 3320 dictione

195 3348 355 3419 curavipost
368 3359 511 3418 utrumque
524 3346 651 3409 verbum,
671 3364 705 3397 ne
754 3344 924 3417 distinguere.
940 3346 972 3398 E.
988 3378 1024 3386 -
1035 3351 1093 3397 Non
1109 3351 1266 3400 conmanunt.

196 3426 254 3496 quis
266 3426 371 3498 jungat.
385 3426 420 3478 G.
753 3425 786 3475 In
800 3444 969 3497 quacumque
985 3436 1062 3497 parte
1078 3425 1162 3480 litosu‘s
1179 3425 1268 3480 adhae-

231 3524 255 3576 7.
281 3509 381 3556 Cursum
405 3521 583 3571 certamenque.
607 3495 638 3558 Er
659 3503 705 3559 <td
752 3517 856 3558 rescant
868 3505 976 3571 insulae,
991 3505 1037 3556 illa
1047 3517 1121 3575 parte
1132 3505 1219 3558 minui
1230 3507 1268 3559 vi·

194 3581 279 3639 dotis:
294 3602 387 3636 cursus
402 3596 543 3636 certamen.
557 3585 584 3637 S.
598 3590 704 3634 -Pro-
754 3585 831 3638 detur
842 3586 931 3649 lacus,
952 3584 1065 3655 produci
1078 3586 1267 3655 et'promoveri

194 3680 291 3714 movent
304 3679 403 3714 terram.
417 3663 569 3715 Producant
583 3676 608 3715 et
621 3665 705 3717 conti-
755 3667 900 3718 continens.
910 3666 1004 3736 Itaque
1015 3677 1072 3716 tum
1081 3664 1153 3718 lacus
1162 3664 1268 3718 videtur

194 3755 280 3794 nuant
296 3755 393 3795 terram
406 3743 604 3807 continentem,
621 3763 704 3815 quum
754 3745 901 3809 maximus,
928 3763 1012 3815 quum
1031 3762 1123 3796 versus
1145 3757 1267 3796 centrum

193 3820 265 3874 litori
274 3823 348 3875 lacus
358 3821 501 3874 adhaerent.
511 3823 581 3878 Tum
591 3835 616 3875 et
625 3828 705 3874 lacum
754 3825 826 3877 illius
843 3836 941 3877 coacta
953 3824 1063 3886 insulae,
1083 3825 1155 3894 ripas
1171 3825 1200 3876 in
1215 3825 1267 3876 cir·

194 3904 317 3970 auserunt.
333 3901 464 3954 Eumdem
480 3913 568 3954 autem
583 3906 703 3966 reddunt,
754 3905 827 3958 cuitu
854 3906 1011 3975 relinquunt
1036 3905 1142 3957 liberas.
1167 3906 1268 3957 Intem-

195 3999 278 4053 quum
293 4001 309 4034 a
322 3981 398 4036 litore
410 3981 557 4047 recedunt,
572 3994 601 4034 ut
617 3983 646 4034 in
661 4003 706 4036 eo·
753 3985 854 4058 pestive
873 3984 952 4056 igitur
971 3984 1138 4056 negationem
1157 3982 1267 4057 quidam

194 4080 256 4113 rum
275 4063 364 4114 locum
382 4081 453 4133 aqua
473 4061 557 4115 cedat.
576 4062 663 4115 Etiam
677 4064 705 4117 in
754 4064 928 4119 omittendam
941 4083 1077 4118 censuere.
1093 4063 1127 4116 G.

194 4139 246 4194 hac
257 4141 369 4213 epistola
381 4143 482 4196 Plinius
497 4162 553 4197 non
563 4142 644 4198 modo
658 4142 704 4197 de·
788 4145 815 4198 8.
830 4151 932 4198 Parent.
946 4145 1053 4199 Cortius
1068 4156 1094 4198 et
1106 4143 1267 4214 Gierigiusc
