2654 4822
154 331 156 335 ’
186 345 232 416 30
474 351 514 416 c.
542 345 961 416 pertruuntur.

135 482 167 534 23
184 468 319 539 Planius
338 485 497 562 repetam.
520 470 611 556 Nisi,
634 468 764 537 dicente
786 473 984 538 sententiam
1003 495 1064 558 eo,
1083 474 1142 565 qui
1160 476 1246 571 rele-

125 638 127 642 .
183 593 260 673 gat,
282 578 347 662 illi,
365 580 423 671 qui
444 579 591 671 puniunt
611 579 737 670 capite,
755 580 852 646 initio
873 582 985 648 statim
1005 582 1039 648 in
1057 581 1121 651 alia
1140 584 1247 655 disce-

182 687 284 773 dunt,
307 687 430 755 frustra
454 702 569 782 postea
591 686 789 756 dissentient
813 684 856 755 ab
878 713 937 775 eo,
961 692 1015 758 cui
1034 690 1148 785 paullo
1170 709 1248 763 ante

132 809 164 867 24
182 796 419 867 consenserint.
438 796 502 864 Sed
521 797 603 890 quid
620 821 682 891 ego
700 795 814 864 similis
833 796 982 885 docenti,
998 825 1103 892 quum
1122 800 1248 871 discere

181 907 296 990 velim,
312 931 353 975 an
369 906 548 974 sententias
561 902 683 990 dividi,
697 930 740 974 an
755 906 796 973 iri
811 907 845 972 in
858 905 1023 999 singulas,
1037 911 1247 1002 oportuerit?

181 1017 323 1084 Obtinui
346 1015 500 1108 quidem,
517 1016 612 1108 quod
631 1015 846 1110 postulabam
866 1040 874 1083 :
893 1015 1114 1087 nihilominus
1133 1034 1246 1089 tamen

180 1151 309 1220 quaero,
332 1151 375 1193 an
397 1123 566 1218 postulare
591 1124 782 1209 debuerim,
805 1150 848 1193 an
871 1125 1046 1194 abstinere.
1070 1129 1244 1216 Quemad-

179 1234 316 1303 modum
337 1233 491 1303 obtinui?
506 1239 557 1319 Is,
573 1236 633 1329 qui
650 1235 806 1304 ultimum
825 1234 1027 1329 supplicium
1045 1239 1244 1308 sumendum

179 1369 248 1412 esse
267 1344 436 1431 censebat,
453 1345 583 1431 nescio,
599 1370 641 1412 an
657 1346 752 1438 jure,
770 1359 858 1414 certe
875 1347 1031 1438 aequitate
1047 1348 1243 1441 postulatio-

178 1454 231 1521 nis
251 1478 330 1522 meae
349 1454 474 1540 victus,
494 1455 614 1522 omissa
632 1457 795 1523 sententia
814 1481 890 1544 sua,
909 1458 1045 1525 accessit
1063 1457 1243 1555 relegenti:

177 1565 303 1634 veritus
316 1563 457 1646 scilicet,
470 1588 529 1650 ne,
547 1565 574 1631 si
594 1564 823 1634 dividerentur
846 1570 1016 1637 sententiae
1038 1569 1141 1664 (quod
1164 1570 1243 1640 alio-

177 1676 236 1769 qui
248 1674 325 1744 lore
348 1672 553 1767 videbatur),
573 1698 627 1758 ea,
649 1700 722 1768 quae
743 1674 962 1744 absolvendos
984 1702 1052 1745 esse
1073 1680 1243 1766 censebat,

175 1809 316 1853 numero
330 1782 531 1878 praevaleret.
539 1785 671 1852 Etenim
687 1783 785 1878 longe
799 1783 910 1877 plures
925 1787 960 1852 in
972 1786 1035 1854 hac
1048 1813 1131 1873 una,
1142 1814 1242 1881 quam
1257 1808 1260 1836 ¹

126 1904 157 1956 25
176 1894 211 1961 in
228 1894 357 1962 duabus
374 1891 533 1987 singulis,
552 1908 657 1961 erant.
671 1896 758 1961 Tum
780 1894 828 1961 illi
847 1919 997 1988 quoque,
1017 1898 1075 1990 qui
1095 1900 1240 1966 auctori-

175 2018 242 2073 tate
262 2005 332 2097 ejus
355 2003 592 2088 trahebantur,
606 2018 798 2072 transeunte
818 2002 891 2088 illo,
911 2004 1079 2092 destituti,
1096 2003 1239 2100 relique·

175 2129 255 2183 runt
286 2114 485 2182 sententiam
514 2113 555 2181 ab
584 2114 659 2206 ipso
693 2128 828 2182 auctore
858 2113 1038 2199 desertam,
1072 2117 1241 2210 secutique

125 2239 157 2289 26
175 2239 254 2294 sunt
265 2224 363 2318 quasi
380 2223 603 2316 transfugam,
619 2248 718 2317 quem
735 2222 855 2291 ducem
874 2224 1108 2317 sequebantur.
1128 2227 1183 2294 Sic
1202 2252 1240 2295 ex

175 2333 282 2403 tribus
300 2333 470 2402 sententiis
489 2325 563 2400 duae
583 2331 694 2418 factm
716 2334 888 2428 tenuitque
909 2358 950 2401 ex
968 2332 1098 2402 duabus
1119 2334 1239 2422 altera,

174 2442 272 2512 tertia
294 2441 448 2537 expulsa,
466 2466 540 2536 quae
561 2464 666 2535 quum
686 2443 798 2510 ambas
816 2467 886 2510 non
909 2457 1038 2536 posset,
1061 2441 1178 2536 elegit,
1197 2444 1238 2512 ab

174 2569 249 2623 utra
266 2554 463 2622 vinceretur.
477 2547 572 2622 Vale.

172 2756 408 2826 sibioppontmtur.
416 2753 490 2822 Saepe
497 2753 533 2804 ita
542 2764 680 2823 peccatum
729 2756 788 2802 dum
797 2755 915 2802 abstinuit
923 2756 955 2812 is,
968 2756 1013 2819 qui
1023 2757 1133 2804 ultimum
1138 2790 1232 2807 ......

172 2855 189 2889 a
201 2833 324 2888 librariis.
338 2831 402 2885 Vid.
414 2831 549 2885 Drakenb.
569 2827 603 2883 ad
619 2831 679 2884 Liv.
728 2834 848 2882 censebat.
864 2834 952 2884 Nescio
970 2852 1003 2882 an
1014 2835 1086 2900 jure,
1104 2843 1155 2885 etc.
1172 2834 1238 2897 Quae

172 2916 229 2980 IX,
242 2932 270 2983 7,
285 2915 311 2966 5.
326 2913 353 2964 S.
727 2910 762 2962 ab
780 2908 923 2962 editoribus
942 2911 979 2962 ita
997 2910 1138 2964 informata
1154 2924 1236 2983 puto,

208 3001 253 3057 ²4·
271 2997 312 3043 An
328 2991 458 3042 sententias
474 2991 567 3049 dividi,
589 3008 622 3039 aa
639 2991 678 3039 ἰή.
727 3008 810 3060 quum
823 2990 903 3041 semel
915 3007 964 3059 pro
981 2993 1076 3040 obtinui
1091 2991 1236 3061 irrepsisset

170 3075 241 3128 Cave
254 3084 329 3143 putes
343 3071 399 3121 haeo
415 3086 470 3121 esse
487 3068 606 3121 membra
623 3066 678 3120 dis-
727 3073 853 3122 abstinuit.
863 3068 1011 3121 Pllnianum
1024 3080 1063 3121 est
1076 3070 1112 3122 ita
1125 3071 1237 3123 interro-

168 3157 262 3226 juncta
274 3169 280 3203 :
295 3156 325 3211 ἡ,
339 3170 385 3210 an,
399 3167 447 3221 per
461 3147 617 3220 anaphorau
629 3165 677 3219 po·
727 3160 804 3220 gere,
814 3132 844 3215 'et
858 3148 908 3199 sibi
917 3146 1077 3219 respondere
1087 3186 1095 3210 ,
1107 3148 1163 3201 vid.
1176 3151 1234 3211 ΙΙΙ,

171 3226 678 3297 sitanonaliamvimhabet,quamsi
727 3226 881 3294 9,n;VI‚
906 3226 1234 3292 2,1;V1‚23,1;v1,

170 3312 206 3365 ita
225 3308 339 3363 dedisset
352 3307 468 3370 Plinius,
489 3312 530 3357 An
548 3309 677 3356 sententias
727 3327 776 3375 29,
793 3325 824 3368 1,
838 3323 895 3375 sq.;
910 3305 964 3369 IX,
977 3324 1020 3374 17,
1038 3326 1069 3369 α,
1084 3306 1127 3357 vel
1140 3325 1236 3376 propo-

170 3393 258 3451 dividi,
274 3395 322 3440 ET
332 3391 364 3439 iri
376 3391 401 3436 in
416 3390 523 3454 singulas
536 3388 676 3451 oportuerit.
725 3404 788 3438 nere
798 3384 919 3454 quedam
929 3384 1025 3437 deinde
1034 3383 1192 3454 repetenda,
1206 3396 1236 3436 ut

170 3472 227 3523 Hoc
245 3468 315 3521 enim
333 3481 372 3520 est
387 3463 505 3518 dividere
520 3463 676 3526 sententies,
725 3464 861 3515 moxVIII
869 3504 877 3528 ,
889 3465 932 3526 18,
944 3466 971 3526 6,
981 3476 1011 3515 ut
1021 3464 1074 3526 IX,
1089 3465 1233 3525 16,1,etc.

155 3576 157 3581 ·
168 3553 255 3605 sinon
268 3549 296 3599 in
307 3546 374 3599 duas
385 3543 545 3616 conjunctim
554 3543 616 3604 itur,
631 3541 677 3595 sed
725 3541 860 3595 Mediceus
874 3542 941 3594 liber
953 3542 1032 3595 etiam
1040 3543 1121 3594 verba
1135 3563 1168 3592 an
1179 3547 1234 3593 abs-

169 3631 197 3683 in
217 3627 343 3698 siugulas.
362 3623 479 3676 Malebat
499 3620 605 3674 Cortius
628 3637 677 3690 pro
726 3622 913 3674 tinereomittit.
922 3622 1088 3676 servavimus
1097 3640 1235 3693 ea,quum

169 3705 309 3781 posteriori
321 3723 353 3753 an
366 3701 418 3772 legi
431 3720 462 3750 ac
470 3721 480 3750 .·
497 3697 569 3770 quod
584 3695 677 3750 eodem
725 3699 798 3770 quod
823 3719 930 3752 sensum
954 3718 1008 3750 nou
1034 3699 1235 3753 incommodum

169 3787 246 3841 redit.
261 3784 295 3835 G.
724 3778 822 3832 hahere
846 3790 972 3850 possunt3
998 3778 1139 3855 subaudire
1163 3781 1233 3831 enim

204 3896 239 3904 -
251 3861 458 3928 Qraemadmodum
474 3859 583 3907 obtinui?
598 3857 675 3926 Capi·
723 3857 800 3919 licet,
819 3862 939 3909 abstinere
957 3859 1158 3924 apostatando:
1176 3871 1234 3910 turn

168 3934 675 4005 talisemendatioeMediceolibropro·
724 3935 797 4008 quod
820 3935 883 3988 inde
904 3945 990 4006 potest
1011 3933 1138 4003 intelligi,
1159 3936 1233 3988 unde

168 4026 221 4077 lata
232 4040 248 4074 a
258 4017 358 4073 Cortio.
371 4014 488 4089 Reliqui,
499 4020 541 4065 An
547 4019 675 4083 postulare
723 4015 790 4068 illud
813 4017 919 4068 abstinui
939 4034 986 4084 pro
1007 4016 1103 4064 obtinui
1122 4015 1232 4085 irrepse-

168 4104 305 4163 dduerim,
322 4119 356 4149 an
370 4099 501 4156 abstinere,
516 4097 674 4161 quemadmo·
723 4094 766 4148 rit.
782 4094 815 4147 G.
