2654 4822
237 345 278 414 18
516 346 553 413 C.
580 348 753 416 PLINII
778 350 876 418 LIB.
904 353 1013 421 VIII.

230 468 312 537 adeo
322 465 432 539 multu
446 490 498 535 mc
511 467 645 559 negotia
658 470 842 538 amicorum
856 496 919 540 nec
929 474 1080 543 secedere
1089 501 1152 546 nec
1162 481 1297 550 studere

196 607 209 640 2
229 580 413 672 patiuntur.
431 575 531 646 Nulla
548 579 638 646 enim
657 579 767 648 studia
782 582 868 650 tanti
883 600 979 672 sunt,
997 601 1036 653 ut
1051 588 1204 658 amicitiae
1219 591 1294 659 offi-

228 690 318 759 cium
331 687 504 755 deseratur
517 712 524 754 :
536 688 628 780 quod
645 689 888 783 religiosissime
898 694 1171 784 custodiendum,
1185 701 1296 771 studia

227 798 298 890 ipsa
315 795 524 890 praecipiunt.
543 797 638 868 Vale.

224 1023 1293 1055 ἏδΜΜΜΜΜΜΜΜΜΜΜΜῑΜΜΒἋ

721 1215 781 1301 Χ.

286 1434 431 1495 Abortum
445 1455 566 1494 uxorem
583 1434 698 1508 fecisse,
710 1456 776 1494 cum
791 1456 843 1515 spe
858 1438 1051 1499 foecunditatis
1065 1443 1216 1521 signifieat.

261 1628 265 1633 ’
327 1647 359 1692 c.
387 1644 567 1691 ruinius
592 1644 747 1689 sarano
773 1646 1029 1695 nnosocano
1055 1651 1132 1697 suo
1158 1656 1185 1698 s.

264 1832 358 1918 Quo
385 1828 491 1922 magis
520 1827 615 1921 cupis
644 1851 685 1895 ex
712 1827 809 1895 nobis
836 1845 1039 1923 pronepotes
1065 1834 1194 1922 videre,
1222 1836 1283 1906 hoc

217 1943 344 2011 tristior
366 1939 499 2023 audies,
527 1951 663 2031 neptem
687 1951 780 2004 tuam
804 1937 961 2007 abortum
987 1940 1118 2029 fecisse,
1144 1945 1226 2013 dum
1251 1972 1282 2014 se

215 2046 444 2146 praegnantem
460 2073 531 2117 esse
549 2045 742 2141 puellariter
759 2046 883 2134 nescit,
903 2073 941 2117 ac
964 2070 1025 2141 per
1046 2049 1111 2119 hoc
1132 2052 1281 2145 quaedam

213 2159 430 2230 custodienda
443 2155 693 2252 praegnantibus
708 2155 851 2244 omittit,
869 2156 948 2226 facit
960 2160 1157 2229 omittenda.
1172 2163 1280 2250 Quem

212 2293 359 2338 errorem
380 2267 510 2360 magnis
532 2264 740 2332 documentis
760 2264 922 2358 expiavit,
943 2268 978 2334 in
1000 2293 1168 2338 summurn
1190 2275 1280 2368 peri-

177 2406 191 2439 2
211 2378 323 2448 culum
335 2377 489 2447 adducta.
503 2376 627 2470 Igitur,
640 2388 679 2442 ut
693 2397 824 2442 necesse
839 2389 904 2465 est,
919 2379 1065 2470 graviter
1079 2381 1223 2474 accipias
1232 2407 1278 2452 ΒΘ.

210 2502 379 2558 nectutem
391 2502 482 2555 tuam
497 2485 591 2579 quasi
605 2483 730 2577 paratis
745 2485 884 2576 posteris
896 2485 1106 2569 destitutam
1120 2491 1167 2558 sic
1179 2491 1278 2560 debes

209 2623 308 2694 agere
330 2598 392 2667 diis
411 2587 557 2690 gratias,¹
571 2592 661 2688 quod
682 2594 729 2660 ita
749 2593 810 2660 tibi
829 2593 864 2661 in
882 2598 1056 2689 praesentia
1074 2616 1276 2695 pronepotes

208 2709 421 2804 negaverint,
437 2721 475 2781 ut
489 2705 653 2780 servarint
664 2719 824 2796 neptem,
843 2704 916 2775 illos
932 2707 1112 2796 reddituri,
1129 2736 1274 2805 quorum

208 2819 305 2887 nobis
327 2841 419 2911 spem
439 2815 613 2884 certiorem
632 2813 702 2881 haec
722 2815 810 2906 ipsa,
836 2840 1027 2911 quanquam
1046 2845 1167 2913 parum
1191 2847 1272 2916 pro.

242 3011 276 3061 X.
291 3027 314 3059 r.
329 3010 427 3075 Magnis
440 3006 600 3056 documentis.
619 3002 661 3055 Sic
677 3020 716 3054 re·
766 3007 1221 3078 sensumspectes,pro‘glossemate
1230 3012 1275 3065 lia-

208 3089 291 3140 stituit
305 3107 319 3140 e
336 3086 409 3139 libris
431 3084 546 3137 Curtius.
563 3085 618 3135 Nee
631 3082 716 3133 ausim
764 3081 860 3134 henda.
874 3085 900 3136 S.

206 3181 296 3220 tamen
305 3168 416 3219 alterum
426 3166 574 3216 detrimentis
582 3162 662 3235 plane
671 3160 717 3214 da·
805 3182 829 3214 a.
843 3168 876 3211 Ut
884 3181 978 3212 necesse
988 3178 1032 3214 est.
1046 3163 1133 3217 Etiam
1146 3167 1190 3218 hie
1201 3168 1273 3222 locus

206 3263 309 3297 mnare.
320 3248 493 3295 Detrimentum
504 3242 559 3294 sine
571 3240 652 3292 dubio
666 3240 715 3291 fuit
764 3256 802 3297 est
811 3245 878 3295 inter
888 3258 945 3303 eos,
958 3241 1005 3293 ubi
1016 3261 1070 3295 una
1078 3263 1129 3295 vox
1140 3244 1272 3316 duplicem

206 3326 329 3385 abortus,
344 3322 398 3373 sive
413 3321 494 3392 ipsius
511 3320 601 3373 matris
616 3320 714 3375 valetu-
761 3338 901 3394 personam
917 3318 1046 3373 sustinere
1061 3321 1182 3387 videtur,
1200 3325 1271 3396 quod

206 3403 298 3456 dinem
314 3411 428 3472 spectes,
443 3400 496 3452 sive
510 3417 583 3469 spem
596 3397 711 3448 faenilia.
761 3399 796 3453 de
807 3402 863 3471 Ipsa
873 3397 925 3452 hac
935 3415 963 3449 ut
974 3400 1111 3470 aliquoties
1124 3403 1272 3457 observavi-

205 3481 256 3534 Sed
266 3481 352 3553 ipsum
362 3496 456 3549 nempe
466 3480 634 3528 detrimentum
642 3474 713 3527 idem
761 3499 820 3532 mus
827 3481 854 3531 in
859 3478 955 3530 Lexico
961 3480 1071 3532 rustico.
1080 3481 1144 3533 Redi
1151 3480 1187 3533 ad
1194 3484 1269 3546 VIII,

204 3563 374 3610 detrimentum
393 3556 453 3609 fuit.
471 3555 506 3607 G.
515 3559 713 3604 ——Dooumema
761 3561 789 3620 6,
801 3577 842 3629 17.
857 3558 1018 3628 Quanquam
1031 3558 1075 3610 hic
1088 3571 1174 3630 potest
1191 3561 1270 3614 etiam

203 3638 398 3700 hiemevernus,
408 3635 636 3693 teitsemetetren,
647 3631 708 3695 sed,
757 3637 909 3709 conjunctio
926 3652 954 3686 ut
964 3636 1000 3689 ad
1016 3638 1176 3709 particulam
1192 3644 1228 3693 sie
1241 3642 1269 3694 in

203 3721 309 3776 Leiden,
334 3718 374 3767 die
392 3733 437 3766 W
459 3719 588 3780 Warmmg
606 3715 706 3770 dienen,
757 3715 865 3786 apodosi
880 3716 992 3787 positam
1012 3715 1122 3780 reserri3
1141 3718 1225 3771 altera
1244 3735 1270 3770 ut

202 3796 298 3866 quibus
313 3794 407 3866 quidni
420 3810 493 3845 error
506 3790 601 3862 expiari
611 3789 710 3861 possit?
757 3805 815 3866 post
821 3815 915 3846 neeesse
921 3810 957 3846 est
965 3796 1074 3848 solemni
1082 3796 1166 3867 ellipsi
1173 3797 1268 3853 omissa

202 3876 243 3928 Sic
266 3876 378 3940 exempla
402 3872 436 3924 de
460 3870 557 3941 poenis,
579 3888 637 3941 quae
659 3890 708 3942 pro
757 3874 1047 3927 esse.G.-Posterior
1057 3877 1124 3927 ratio
1136 3876 1180 3927 hic
1191 3878 1268 3930 unice

201 3952 319 4023 exemplo
336 3962 407 4003 sunt.
425 3949 500 4001 Idem
517 3949 661 4001 tenendum
675 3948 707 4002 de
756 3953 1117 4023 valet,atquehumaniquid
1127 3973 1221 4025 passus
1229 3969 1267 4008 est

199 4027 293 4085 Graeco
311 4028 483 4103 παράδειγμα.
501 4029 588 4081 altera
612 4028 706 4092 lectio,
755 4033 797 4086 vir
807 4032 931 4094 eximius,
947 4051 1031 4103 quum
1048 4031 1083 4084 de
1100 4034 1188 4105 priore
1198 4034 1267 4105 eogi-

200 4115 360 4171 detruncatis,
373 4129 426 4175 non
437 4108 656 4162 incommodailla
666 4147 673 4172 ,
685 4111 706 4161 si
755 4123 831 4164 taret.
850 4112 980 4164 Craterum
997 4126 1105 4166 sensus:
1116 4122 1146 4164 ut
1159 4113 1208 4166 tibi
1220 4112 1266 4166 do-
