2654 4822
402 289 667 399 urrsrout
690 333 775 398 xx.
1074 335 1116 416 m

55 474 122 528 tur:
137 455 279 552 perveni
294 453 336 523 ad
349 454 587 548 ipsumLacus
599 466 649 521 est
664 454 699 520 in
714 452 966 522 similitudinem
981 455 1123 547 jacentis
1142 469 1158 526 4

54 581 131 637 rotae
154 563 448 658 circumscriptus,
468 577 502 631 et
519 562 668 656 undique
690 562 825 657 aequalis
850 591 857 631 ε
882 564 992 634 nullus
1017 569 1124 650 sinus,

55 675 234 777 obliquitas
254 670 363 762 nulla,
381 674 494 742 omnia
511 673 677 762 dimensa,
696 675 806 768 paria,
824 689 858 742 et
876 677 970 768 quasi
988 675 1125 745 artificis

55 813 173 875 manu,
195 799 312 856 cavata
333 799 367 853 ct
385 785 505 852 excisa.
529 783 630 853 Color
651 784 791 853 caeruleo
810 784 969 869 albidior;
987 783 1126 852 viridior

56 914 87 968 et
100 897 250 992 pressior
264 893 434 990 sulphuris
449 920 456 962 :
473 893 556 962 odor
575 919 740 989 saporque
758 893 940 963 medicatus
956 920 963 961 :
979 896 1044 979 vis,
1059 918 1125 987 qua

57 1010 159 1078 lracta
178 1006 378 1076 solidantur.
396 1007 549 1101 Spatium
568 1006 756 1093 modicum,
773 1007 862 1099 quod
877 1022 988 1075 tamen
1005 1008 1126 1074 sentiat

57 1137 190 1209 ventos,
209 1135 243 1190 et
262 1119 420 1189 fluctibus
436 1119 647 1188 intumescat.
663 1117 765 1188 Nulla
782 1120 817 1186 in
831 1119 896 1187 hoc
912 1121 1005 1187 navis
1021 1121 1126 1210 (sacer
1144 1115 1158 1168 5

58 1234 145 1301 enim
164 1231 248 1327 est),
262 1231 318 1299 sed
338 1232 493 1299 innatant
513 1229 628 1298 insulae
646 1230 809 1316 herbidae,
827 1256 942 1299 omnes
962 1231 1126 1300 arundine

59 1356 89 1410 et
98 1344 206 1436 junco
223 1355 336 1426 tectae,
349 1365 489 1434 quaeque
507 1339 572 1408 alia
587 1339 777 1409 foecundior
791 1340 903 1435 palus,
919 1341 1057 1435 ipsaque
1072 1340 1126 1409 illa

48 1453 252 1543 ¹extremitas
263 1450 352 1520 lacus
366 1451 471 1519 effert.
486 1453 552 1518 Sua
566 1451 686 1544 cuique
699 1450 827 1544 figura,
841 1466 878 1518 ut
890 1451 1008 1520 modus
1024 1477 1032 1520 :
1047 1477 1127 1521 cun-

60 1564 117 1630 ctis
134 1586 255 1656 margo
273 1560 426 1647 derasus,
441 1561 520 1654 quia
535 1560 725 1654 frequenter
742 1560 792 1629 vel
811 1560 902 1628 litori
915 1562 966 1631 vel
983 1563 1046 1631 sibi
1063 1561 1127 1629 illi-

60 1697 99 1745 sae
112 1686 230 1740 terunt
243 1686 473 1766 terunturque.
493 1675 559 1739 Par
573 1672 729 1739 omnibus
746 1669 904 1754 altitudo,
918 1697 979 1765 par
993 1670 1126 1757 levitas:

60 1783 186 1877 quippe
201 1782 237 1849 iu
253 1782 397 1875 speciem
416 1782 537 1850 carinae
556 1780 675 1850 humili
691 1780 802 1849 radice
821 1781 1035 1850 descendunt.
1051 1785 1129 1850 Haec
1148 1792 1164 1842 6

40 1981 43 1985 “
60 1959 183 2040 oropum
192 1969 279 2040 λίμνην
298 1967 407 2030 vocari,
422 1986 502 2039 quem
516 1967 572 2019 luu-
620 1972 753 2020 medicatus
764 1989 773 2018 .·
785 1973 838 2030 vis,
859 1988 909 2034 qua
914 1970 1013 2036 fracta.
1031 1970 1063 2020 In
1078 1988 1132 2041 qua

60 2045 132 2101 davit
148 2047 193 2099 hic
212 2059 238 2099 et
257 2047 286 2098 in
302 2046 471 2117 Geographia
486 2047 573 2101 Cella·
620 2048 733 2100 lectione
751 2049 837 2118 primo
857 2048 1056 2100 incommodum
1076 2060 1132 2111 est,

59 2127 172 2193 rins‚ut
182 2137 209 2178 et
217 2126 324 2179 Livium
335 2126 573 2196 IX,39;Florum
621 2128 693 2200 quod
726 2129 922 2200 comparativus
953 2129 1134 2198 comparativo

61 2207 91 2272 t,
108 2211 158 2272 13;
177 2207 305 2260 Senecam
324 2206 423 2270 Queat.
442 2219 497 2259 nat.
512 2208 574 2272 111,
623 2213 1052 2281 comparatur,viridiorepressior,
1062 2207 1136 2280 quod

62 2285 94 2338 25
104 2285 175 2358 ‚qui
187 2286 267 2338 unius
279 2284 360 2338 modo
372 2287 487 2339 natantis
500 2287 528 2338 iu
542 2305 574 2339 eo
623 2289 665 2341 vix
678 2290 799 2361 intelligo
809 2309 817 2342 ε
829 2288 941 2353 deinde,
958 2289 1007 2341 nisi
1021 2292 1083 2339 odor
1093 2309 1135 2339 sa-

60 2364 153 2417 insulae
169 2365 331 2419 mentionem
348 2366 428 2430 lacit,
449 2377 507 2417 turn
524 2367 575 2418 Pli-
621 2390 716 2436 porque
727 2371 915 2440 conjungatur,
927 2374 958 2435 ἡ,
976 2390 1036 2437 que,
1050 2367 1083 2420 ad
1096 2388 1135 2421 sa·

60 2445 137 2497 nium
151 2447 281 2518 majorem
294 2445 338 2511 11,
354 2444 405 2513 95,
418 2445 465 2517 qui
475 2446 575 2518 sylvam
623 2468 672 2519 por
686 2447 789 2520 adjecta
800 2450 868 2501 male
878 2448 1019 2520 respondet
1027 2447 1136 2521 reliqum
1198 2504 1201 2509 .

60 2536 200 2578 natantem
210 2525 239 2577 in
249 2544 280 2577 eo
290 2535 438 2577 memorat:
451 2524 485 2577 ad
496 2544 576 2595 quem
624 2529 768 2581 verborum
782 2528 975 2582 continuationi
987 2546 993 2579 ε
1007 2528 1136 2599 posuisset

60 2604 152 2659 locum
163 2604 317 2661 Harduinus
331 2609 388 2673 lagu
401 2608 430 2655 di
437 2609 576 2657 Bessanello
625 2627 689 2660 sane
702 2608 820 2671 Plinius,
839 2612 959 2675 sulphuris
974 2611 1046 2669 odor,
1063 2627 1137 2674 sapor

60 2683 143 2738 hodie
155 2685 248 2738 vocari
260 2685 350 2737 refert.
362 2683 396 2735 G.
625 2690 773 2748 medicatus,
785 2691 838 2748 vis,
851 2690 1006 2755 quofracta,
1021 2696 1071 2737 etc.
1083 2686 1117 2738 G.

97 2765 127 2831 4.
152 2767 262 2816 Viridior
281 2779 306 2814 et
319 2767 429 2831 pressior
446 2767 575 2832 sulphuris.
668 2767 693 2820 5.
717 2772 792 2818 Sacer
813 2771 876 2818 enim
898 2783 940 2818 est.
962 2764 1032 2818 Vide
1059 2785 1137 2836 supra

62 2845 205 2915 Intelligo,
225 2847 313 2896 colore.
333 2844 433 2914 Nempe
451 2844 576 2897 interme·
625 2847 710 2910 VIII,
726 2848 758 2909 8,
771 2849 797 2899 6.
811 2846 845 2899 G.

62 2923 139 2977 dium
149 2921 293 2996 quemdam
299 2923 380 2975 habet
386 2923 502 2977 colorem
509 2941 578 2994 aqua
661 2957 696 2966 -—
706 2923 814 2994 Figura,¹
825 2942 852 2977 ut
861 2929 955 2977 modus.
966 2925 1063 2998 Figura
1070 2926 1138 2996 pari·

62 3002 145 3075 hujus
164 3004 238 3056 lacus
254 3014 279 3055 et
292 3004 420 3067 mixtum,
434 3022 514 3075 quem
528 3024 577 3054 σω·
626 3018 666 3058 ter
676 3019 701 3058 et
712 3004 909 3076 magnitudine,
920 3005 963 3057 hic
972 3005 1042 3057 enim
1052 3009 1137 3055 modus

63 3086 175 3144 mirum,
196 3082 244 3154 qui
263 3083 387 3135 solemnis
409 3101 483 3154 aquae
506 3083 579 3135 color
627 3097 682 3148 est,
696 3083 835 3138 differunt.
852 3084 942 3137 Nolim
958 3096 1046 3136 tamen
1061 3082 1137 3137 dam·

64 3172 122 3226 est,
142 3160 232 3214 dicere
253 3181 308 3214 non
325 3163 426 3233 possis;
449 3175 488 3215 est
508 3163 579 3215 enim
627 3178 790 3224 naremotus,
803 3164 876 3235 quod
888 3162 921 3215 ad
933 3175 1053 3215 natatum
1064 3163 1138 3215 illum

65 3245 175 3293 albidior
196 3240 381 3314 pallidiorque.
407 3242 522 3295 Inclinat
545 3242 579 3295 ad
628 3256 652 3297 et
671 3242 870 3296 fluctuationem
883 3241 978 3294 referri
993 3255 1085 3313 potest.
1103 3243 1137 3295 G.

64 3321 183 3384 flavum,
197 3319 244 3372 sed
257 3324 377 3388 sulphuris
388 3321 475 3375 colore
488 3336 526 3374 est
537 3326 579 3373 vi·
627 3355 663 3364 -
670 3330 752 3374 Morus
762 3334 799 3375 est
808 3322 891 3375 Lectii
901 3326 1053 3394 conjectura
1063 3364 1070 3388 ,
1081 3342 1137 3394 pro-

65 3404 146 3452 rr'dior
155 3404 300 3468 cupressior,
311 3401 363 3454 hoc
370 3412 419 3464 est,
432 3401 578 3465 obscurior,
628 3406 689 3457 bata
703 3404 871 3456 Casaubono.
886 3403 970 3455 Unice
981 3421 1073 3455 verum
1090 3423 1139 3453 mo·
1168 3424 1169 3433 ¹

66 3493 94 3533 et
104 3480 164 3551 plus
178 3499 211 3550 err
226 3480 304 3551 nigro
318 3480 441 3544 trahens,
457 3499 511 3551 quo
524 3480 580 3550 ipso
629 3485 683 3533 dus.
693 3483 720 3537 S.

66 3561 103 3614 ad
125 3560 267 3613 ceruleum
290 3560 454 3631 aliquantum
477 3561 580 3631 vergit,
664 3593 699 3602 -
713 3566 808 3614 Humili
824 3565 916 3612 radice.
935 3563 1000 3626 Quae
1017 3566 1067 3612 alre
1085 3581 1140 3614 non

65 3640 166 3713 quippe
182 3640 231 3712 qui
249 3639 319 3694 flavo
336 3640 433 3693 mixtus
453 3639 500 3692 dat
520 3641 582 3692 viri·
630 3640 772 3694 descendit.
789 3643 858 3693 Nam
872 3644 963 3692 humile
978 3641 1057 3694 etiam
1072 3645 1136 3701 alto,

66 3720 140 3779 dem.
163 3721 265 3790 Nempe
287 3719 423 3791 sequimur
443 3720 582 3774 lectionem
630 3720 657 3773 in
673 3733 803 3792 quantum
816 3724 969 3789 profundum
986 3731 1076 3782 notat,
1093 3739 1139 3790 op·

66 3798 234 3864 Mediceam,
254 3810 280 3852 et
299 3799 470 3870 antiquarum
489 3799 583 3852 editio·
630 3801 710 3870 poni,
732 3799 878 3853 Columella
900 3799 1139 3870 ostendit,.quum
1195 3835 1199 3841 -

66 3897 144 3931 num.
153 3877 269 3949 Vulgata
283 3879 375 3942 lectio,
385 3881 505 3929 viridiore
509 3898 583 3946 pres·
631 3881 682 3944 IV,
697 3899 720 3942 1,
737 3882 768 3943 6,
782 3882 896 3929 humilem
907 3878 1054 3946 posicionem
1067 3878 1139 3939 vitis,

66 3961 121 4010 sior
148 3956 261 4012 debetur
289 3961 445 4031 conjecture
471 3959 582 4012 Barthii.
631 3977 712 4031 quam
739 3957 857 4011 eamdem
881 3978 1020 4027 suspensam
1043 3969 1120 4011 vocat
1132 3994 1139 4018 ‚

22 4102 26 4109 Ι
67 4038 197 4091 Preterea
214 4039 250 4090 ita
264 4037 445 4111 distinguunt,
464 4042 584 4090 viridiore
632 4039 690 4092 altae
699 4039 822 4112 opponit,
832 4038 904 4109 quod
914 4038 941 4090 in
949 4039 1042 4092 Indice
1051 4048 1141 4090 nostro

64 4121 196 4186 pressior:
220 4121 341 4186 sulphuris
363 4123 437 4180 odor,
463 4139 584 4188 saporque
633 4118 835 4173 declaravimus.
850 4117 883 4170 G.
