2654 4822
399 350 666 420 nrrsront
690 354 795 420 xlv.
1085 377 1129 448 27

67 487 154 540 rent.
169 472 354 565 Exigebam
372 495 467 566 ergo,
479 486 535 559 ut,
548 475 606 567 qui
618 472 751 567 capit-ali
764 471 929 567 supplicio
942 471 1133 544 afficiendos

66 580 252 674 putabant,
266 579 474 653 discederent
487 605 506 651 a
520 581 705 676 relegante,
719 608 782 653 nec
796 583 932 654 interim
945 596 1064 654 contra
1074 585 1134 651 ab·

65 690 231 760 solventes
249 715 326 759 mox
349 690 530 760 dissensuri
546 708 849 787 congregarentur,
864 694 943 786 quit
957 693 1133 786 paruulum

64 801 224 886 referret,
239 825 282 868 an
296 800 385 870 idem
400 799 608 894 displiceret,
626 802 748 896 quibus
763 802 934 871 nunidem
948 800 1134 895 placuisset.

63 910 154 981 Illud
173 913 275 979 etiam
293 911 375 979 mihi
396 913 579 1005 permirum
599 912 793 996 videbatur,
813 937 890 981 eum
908 911 1060 1004 quidem,
1076 913 1134 1005 qui
1154 918 1185 972 15

64 1020 206 1091 libertos
230 1019 439 1114 relegandos,
461 1047 572 1091 servos
591 1021 756 1115 supplicio
775 1021 967 1090 afficiendos
985 1024 1134 1092 censuis-

64 1147 133 1217 set,
152 1145 309 1200 coactum
325 1155 395 1199 esse
413 1130 561 1199 dividere
584 1133 800 1219 sententiam3
817 1132 908 1201 hunc
928 1145 1057 1216 autem,
1075 1135 1134 1226 qui

63 1239 203 1310 libertos
222 1254 329 1308 morte
345 1238 520 1327 multaret,
536 1266 614 1311 cum
629 1239 797 1333 relegante
812 1241 1092 1312 numerariNam
1106 1242 1135 1310 si

65 1349 271 1443 oportuisset
290 1348 393 1418 dividi
412 1349 613 1420 sententiam
633 1351 752 1435 unius,
773 1350 852 1442 quia
873 1373 925 1418 res
943 1348 1025 1419 dues
1042 1374 1133 1418 com·

64 1458 392 1553 prehendebat,non
404 1458 622 1552 reperiebam,
631 1457 911 1551 quemadmodum
918 1472 1028 1550 posset
1036 1458 1134 1553 jungi

66 1569 234 1636 sententia
264 1566 408 1636 duorum
437 1582 506 1636 tam
533 1566 663 1636 diversa
685 1568 901 1639 censentium.
922 1571 1032 1661 Atque
1051 1567 1135 1637 adeo
1154 1575 1187 1626 16

65 1683 223 1776 permitte
239 1680 344 1765 mihi,
365 1682 413 1750 sic
431 1680 522 1775 apud
541 1697 575 1750 te
593 1696 753 1775 tanquam
774 1683 837 1770 ibi;
858 1684 905 1751 sic
925 1697 1060 1777 peracta
1078 1708 1132 1767 re,
1161 1671 1163 1674 ⁵

66 1787 225 1885 tanquam
250 1790 359 1859 adhuc
384 1792 529 1883 integra,
553 1792 717 1860 rationem
740 1791 860 1884 judicii
887 1792 951 1860 mei
975 1791 1131 1861 reddere:

66 1926 205 1995 quaeque
230 1915 311 1969 tunc
332 1902 490 1994 carptim,
516 1899 630 1977 multis
651 1901 936 1993 obstrepentibus,
963 1900 1049 1988 dixi,
1074 1926 1135 1994 per

66 2011 171 2083 otium
194 2011 347 2103 jungere.
374 2009 557 2103 Fingamus
585 2024 652 2078 tres
677 2010 815 2078 omnino
837 2008 965 2101 judices
987 2010 1022 2077 in
1047 2009 1134 2078 hanc
1154 2031 1186 2083 17

66 2144 216 2194 caussam
230 2118 326 2188 datos
342 2143 411 2187 esse
425 2146 433 2186 ε
447 2119 571 2187 horum
586 2121 645 2188 uni
660 2120 842 2213 placuisse,
857 2121 967 2213 perire
983 2119 1134 2206 libertos;

66 2228 176 2316 alteri,
194 2230 352 2323 relegari;
366 2231 482 2318 tertio,
500 2229 626 2304 absolvi
648 2256 655 2298 :
675 2245 833 2328 utrumne
851 2231 1023 2301 sententiae
1041 2229 1133 2317 duae,

65 2338 192 2410 collatis
208 2341 353 2424 viribus,
367 2342 579 2409 novissimam
596 2340 785 2434 periment?
798 2367 841 2411 an
858 2342 1037 2434 separatim
1051 2365 1135 2409 una·

66 2476 207 2545 quaeque
229 2450 453 2536 tantumdem,
471 2466 635 2545 quantum
654 2450 776 2541 altera,
788 2451 932 2523 valebit?
949 2476 1011 2519 nec
1029 2451 1135 2545 magis

66 2561 189 2654 poterit
204 2585 282 2630 cum
300 2561 445 2631 secunda
458 2563 569 2655 prima
585 2562 758 2649 connecti,
774 2587 874 2656 quem
892 2561 1039 2630 secunde
1057 2585 1134 2629 cum

67 2667 186 2738 tertia?
201 2670 310 2763 Igitur
325 2671 361 2738 in
380 2685 497 2740 senatu
516 2696 650 2765 quoque
668 2673 857 2759 numerari,
875 2686 1035 2765 tanquam
1056 2696 1134 2740 con·
1155 2685 1186 2736 18

66 2780 190 2865 trariae,
209 2779 346 2866 debent,
365 2805 439 2874 quae
457 2796 618 2874 tanquam
637 2781 773 2850 diversae
792 2781 962 2849 dicuntur.
985 2779 1089 2868 Quod
1106 2780 1134 2847 si

67 2913 153 2956 unus
181 2903 280 2982 atque
309 2888 395 2957 idem
421 2904 454 2958 et
478 2889 665 2983 perdendos
690 2906 837 2960 censeret
861 2906 895 2958 et
920 2887 1134 2983 relegandost

66 3024 147 3066 num
175 3024 215 3067 ex
240 3001 404 3068 sententia
425 3001 526 3069 unius
551 3015 583 3068 et
608 3003 717 3096 perire
744 3016 880 3096 possent
911 3015 943 3070 et
970 2997 1133 3092 relegari?

64 3133 145 3176 num
165 3108 308 3202 denique
328 3110 467 3177 omnino
487 3135 554 3177 una
577 3112 738 3179 sententia
758 3125 948 3205 putaretur,
967 3134 1041 3203 quae
1060 3124 1129 3177 tam

65 3217 194 3286 diversa
214 3217 455 3312 conjungeret?
472 3218 765 3306 Quemadmodum
786 3219 905 3313 igitur,
925 3244 1030 3312 quum
1050 3217 1134 3288 alter

66 3327 271 3419 puniendos,
297 3328 380 3396 alter
409 3344 540 3399 censeat
568 3329 780 3423 relegandos,
796 3328 900 3398 videri
929 3344 1039 3423 potest
1067 3355 1135 3397 una

64 3438 246 3523 sententia,
271 3464 344 3531 quae
375 3438 498 3506 dicitur
524 3464 545 3506 a
575 3438 730 3524 duobus,
758 3463 831 3531 quae
863 3463 932 3505 non
960 3436 1133 3506 videretur

64 3656 167 3726 utrique
177 3653 297 3708 dicerent
306 3674 396 3709 servos
405 3657 578 3726 essepunien·
665 3659 707 3708 16.
723 3659 868 3723 Carpum...
879 3660 942 3708 diri.
954 3660 1062 3724 Carptim
1074 3675 1135 3727 pro·

65 3733 128 3797 dos;
146 3733 310 3788 dissidebant
324 3734 358 3790 de
375 3754 470 3806 genere
483 3753 575 3805 poenae.
625 3734 683 3805 prie
699 3733 732 3786 ad
746 3753 779 3786 ea
793 3736 906 3805 pertinet
923 3735 1063 3799 animalia,
1077 3754 1135 3807 quar

65 3813 115 3866 Sed
134 3814 172 3865 sic
193 3815 355 3886 temporaria
373 3815 419 3867 illa
433 3812 577 3869 concordie
624 3833 679 3866 non
698 3833 755 3867 uno,
769 3827 897 3886 perpetuo
915 3814 1032 3886 quodem
1045 3828 1136 3868 tenore

64 3894 225 3962 superabant
242 3895 332 3947 mitem
349 3895 423 3948 illam
436 3894 576 3947 absolven-
625 3905 704 3964 atque
724 3906 817 3946 tractu,
826 3908 985 3958 vescuntur,
1003 3893 1049 3946 sed
1063 3912 1136 3946 nunc

63 3972 131 4024 tium
143 3974 312 4027 sententiam.
329 3973 364 4027 G.
624 3971 683 4035 hic,
694 3991 766 4026 nunc
775 3973 830 4027 illic
840 3989 945 4042 carpunt
956 3972 1069 4043 aliquid,
1081 3973 1135 4025 sive

102 4051 143 4102 15.
158 4045 270 4104 Dividere
286 4057 439 4107 sententiam.
457 4051 522 4105 Redi
542 4051 576 4104 ad
625 4051 779 4123 decerpunt.
792 4052 860 4105 Hinc
877 4057 981 4121 carptim
996 4052 1076 4113 dicit,
1089 4051 1135 4120 qui

64 4147 110 4193 ea,
120 4149 178 4201 quae
189 4134 204 4198 S
215 4135 247 4195 6,
263 4132 313 4184 hac
324 4133 356 4186 de
366 4153 395 4186 re
404 4132 528 4186 diximus.
540 4131 574 4184 G.
624 4144 731 4202 propter
737 4132 842 4187 crebras
849 4130 1073 4203 interpellationes
1079 4147 1135 4181 non
