2654 4822
491 375 756 449 semrom
780 379 845 444 xi.
1141 374 1187 471 59

131 587 1181 609 mmmmwmwbfflfflfflfflfflwfflffl

649 754 653 767 r

604 774 695 861 IX.

129 1004 217 1063 Fidem
237 1005 356 1064 Colonis
375 1026 444 1084 erga
462 1007 631 1065 defunctum
648 1008 772 1068 amicum
793 1007 907 1080 laudat,
924 1010 1083 1086 prasertim
1108 1011 1188 1087 quod

508 1102 612 1181 dignus
625 1103 674 1161 ille
687 1104 791 1162 suerat.

339 1309 372 1355 c.
400 1308 579 1357 emarus
603 1309 763 1355 cotom
788 1283 804 1315 ⁴*
829 1310 909 1356 stro
935 1312 962 1356 s.

173 1493 295 1560 Unica
309 1489 432 1582 probo,
444 1487 536 1582 quod
550 1488 701 1583 Pompeii
716 1488 914 1577 Quinctiani
930 1507 1038 1559 morte
1051 1505 1120 1561 tam
1134 1495 1189 1563 ilo

135 1597 226 1668 lenter
241 1599 408 1687 adficeris,
432 1613 470 1668 ut
489 1600 603 1668 amissi
626 1600 801 1667 caritatem
821 1599 987 1669 desiderio
1009 1603 1188 1686 extendas;

136 1731 191 1776 non
206 1707 427 1804 utplerique,
446 1710 504 1804 qui
524 1723 656 1778 tantum
677 1709 826 1778 viventes
844 1726 975 1800 amant,
998 1739 1055 1782 seu
1076 1716 1189 1807 potius

138 1839 229 1887 amare
249 1844 284 1888 se
298 1818 475 1908 simulant,
489 1844 529 1888 ac
544 1845 586 1888 ne
599 1818 758 1888 simulant
776 1820 930 1914 quidem,
946 1823 1011 1890 nisi
1030 1849 1114 1918 quos
1133 1825 1190 1894 flo-

138 1943 228 1999 rentes
245 1928 371 1998 vident.
388 1931 478 2001 Nam
503 1919 723 2017 niiserorum,
739 1956 808 1999 non
835 1957 930 2001 secus
954 1958 993 2002 ac
1015 1933 1189 2005 defuncto-

139 2062 211 2125 rum,
227 2038 480 2109 obliviscuntur.
502 2041 569 2110 Sed
595 2042 659 2140 tibi
676 2042 832 2134 perennis
856 2042 957 2128 fides,
974 2057 1134 2137 tantaque
1153 2047 1187 2112 in

140 2170 231 2219 amore
250 2151 459 2238 constantia,
476 2165 514 2219 ut
536 2150 646 2238 finiri,
663 2154 729 2220 nisi
754 2167 813 2220 tua
834 2157 961 2239 morte,
979 2177 1048 2219 non
1073 2154 1188 2247 possit.

139 2256 180 2344 Et,
190 2258 343 2347 Hercule,
359 2260 386 2328 is
397 2259 463 2328 fuit
473 2261 717 2350 Quinctianus,
732 2287 832 2356 quem
845 2260 939 2355 diligi
953 2262 1070 2331 deceat
1080 2289 1188 2333 exem·
1204 2296 1218 2327 2

139 2362 181 2455 plo
195 2370 307 2463 ipsius.
323 2369 450 2439 Felices
467 2372 617 2460 amabat,
633 2375 771 2441 miseros
789 2373 961 2461 tuebatur,
980 2374 1189 2445 desiderabat

140 2476 265 2548 amissos.
285 2483 360 2548 Jam
378 2479 426 2548 illi
444 2496 570 2576 quanta
590 2483 741 2576 probitas
762 2484 797 2550 in
817 2478 890 2551 orel
913 2499 1040 2577 quanta
1062 2486 1097 2553 in
1118 2512 1188 2555 ser-

139 2606 217 2670 mone
242 2587 430 2660 cunctatio!
450 2615 551 2685 quam
578 2593 652 2685 pari
678 2592 764 2661 libra
791 2594 936 2687 gravitas
963 2595 1187 2689 comitasque!

138 2700 210 2787 quod
223 2701 373 2771 studium
392 2700 580 2773 literarum!
591 2703 682 2796 quod
693 2700 873 2797 judicium!
890 2728 957 2798 qua
970 2705 1093 2798 pietate
1111 2730 1189 2773 cum

136 2800 339 2881 dissimillimo
369 2826 464 2905 patre
482 2810 631 2882 vivebat!
652 2838 754 2908 quam
768 2839 837 2882 non
860 2815 1015 2883 obstabat
1035 2813 1102 2901 illi,
1121 2841 1189 2908 quo

138 2916 229 2991 minus
250 2923 304 2990 vir
326 2924 476 3016 optimus
500 2922 688 3012 videretur,
707 2924 798 3019 quod
822 2939 895 2993 erat
917 2926 1064 3020 optimus
1083 2924 1188 2995 filius!

159 3120 214 3175 IX.*
224 3127 312 3176 Coloni
327 3142 383 3176 non
401 3125 452 3176 nisi
472 3125 520 3177 has
540 3126 627 3178 literas
675 3124 1190 3198 pidisimulhominisesteffutire,quid-

132 3198 228 3273 tcripsit.
239 3203 291 3254 Eo.
676 3202 774 3274 quidin
779 3205 891 3255 buccam
897 3204 1006 3257 venerit.
1011 3205 1190 3276 Itaquepressa

165 3298 185 3333 r.
204 3284 340 3333 caritatem
359 3286 479 3334 desiderio
497 3288 626 3337 extendas.
677 3286 799 3334 etdeeora
809 3287 933 3335 ermceatio
945 3284 1069 3337 laudatur
1075 3286 1188 3354 etiaml,

132 3357 284 3414 Desiderium
300 3361 429 3425 effectus,
446 3363 511 3435 quin
529 3364 629 3435 species
679 3384 723 3427 n,
739 3361 765 3415 3.
777 3363 920 3415 G.-Cnm
935 3366 1094 3415 dissimillimo
1106 3383 1189 3434 patre.

131 3439 161 3490 tel
169 3460 230 3512 pars
240 3442 356 3494 caritatis
367 3460 374 3495 τ
387 3442 433 3513 qui
441 3441 572 3495 desiderat
581 3442 629 3496 de·
677 3444 724 3495 Est
731 3445 851 3511 Afranius
862 3445 1023 3508 Quinctianae
1031 3441 1100 3494 inter
1110 3447 1141 3498 C.
1150 3446 1191 3496 Pi-

129 3515 253 3585 sunctum,
264 3522 345 3574 illese
353 3540 443 3574 amare
451 3520 572 3574 nondum
582 3521 629 3574 de·
679 3522 750 3576 sonis
764 3524 914 3593 conjuratos
926 3521 998 3594 apud
1007 3524 1073 3576 Tac.
1084 3525 1116 3576 A.
1127 3526 1190 3588 XV,

128 3595 190 3652 siisse
200 3600 520 3673 ostendit,pr0ducitque
529 3601 596 3654 adeo
605 3614 630 3654 et
680 3609 725 3670 49,
740 3614 806 3655 extr.
823 3603 947 3652 Senatorii
963 3606 1070 3664 ordinis,
1086 3608 1190 3657 mollitia

125 3684 228 3731 extendit
238 3684 378 3732 caritatem.
387 3680 422 3733 G.
679 3684 789 3750 eorporis
805 3682 917 3748 infamis,
939 3697 964 3732 et
979 3702 996 3732 a
1015 3688 1113 3734 Nerone
1127 3704 1190 3751 pro-

155 3763 393 3811 2.Probr'tasinore.
402 3758 492 3813 Pudor
499 3759 546 3830 qui
554 3760 631 3813 facile
681 3766 751 3813 broco
763 3763 871 3811 carmine
879 3763 1033 3830 diffirmams.
1043 3763 1122 3817 Hunc
1135 3782 1191 3816 esse
1228 3795 1231 3800 .

124 3839 267 3905 crubescat,
279 3851 306 3892 et
317 3840 392 3892 illum
401 3840 506 3893 virtutis
516 3841 631 3892 colorem
681 3839 832 3905 Quinctiani
841 3838 886 3892 hic
896 3840 995 3894 laudati
1005 3855 1125 3913 patrem,
1136 3847 1190 3894 n'on

126 3918 350 3973 ostendatEodem
355 3920 599 3992 pertinetennetatio
606 3923 631 3970 in
681 3919 812 3973 immerito
825 3921 973 3990 suspicatus
984 3925 1041 3994 jam
1056 3935 1095 3975 est
1111 3924 1190 3976 Cata-

124 4014 240 4061 sermone,
255 4018 337 4070 quam
347 4001 415 4071 parit
428 3999 491 4052 hinc
502 4018 631 4052 verecun-
680 4016 762 4053 nnus.
773 4000 808 4053 G.
816 4030 852 4040 -
861 4004 970 4067 Optimus
975 4004 1057 4072 filim.
1068 4002 1122 4066 Qui
1132 4021 1189 4053 ma·

124 4072 549 4154 ἆὶε,11ἰηολογισμὸςἱΙΙε,(]ιιὶό>ινον
558 4084 631 4152 φέρει,
681 4079 737 4131 lum
757 4080 836 4131 etiam
857 4092 959 4149 patrem
978 4093 1143 4133 revereretur
1165 4091 1191 4131 ot

123 4158 632 4231 utsupraIV,7,3.Impudentisetstu·
680 4155 843 4211 defenderet.
851 4159 885 4210 G.
927 4201 931 4208 .
