<?xml version="1.0" encoding="UTF-8"?>
<!DOCTYPE html PUBLIC "-//W3C//DTD XHTML 1.0 Transitional//EN"
    "http://www.w3.org/TR/xhtml1/DTD/xhtml1-transitional.dtd">
<html xmlns="http://www.w3.org/1999/xhtml" xml:lang="en" lang="en">
 <head>
  <title>
</title>
<meta http-equiv="Content-Type" content="text/html;charset=utf-8" />
  <meta name='ocr-system' content='tesseract 3.04.00' />
  <meta name='ocr-capabilities' content='ocr_page ocr_carea ocr_par ocr_line ocrx_word'/>
</head>
<body>
  <div class='ocr_page' id='page_1' title='image "bibliothecaclas05lemagoog_0059.png"; bbox 0 0 2654 4822; ppageno 0'>
   <div class='ocr_carea' id='block_1_1' title="bbox 194 347 980 431">
    <p class='ocr_par' dir='ltr' id='par_1_1' title="bbox 194 347 980 431">
     <span class='ocr_line' id='line_1_1' title="bbox 194 347 980 431; baseline -0.006 -12"><span class='ocrx_word' id='word_1_1' title='bbox 194 350 241 431; x_wconf 76' lang='lat'><strong>48</strong></span> <span class='ocrx_word' id='word_1_2' title='bbox 484 350 522 416; x_wconf 91' lang='lat' dir='ltr'><strong>C.</strong></span> <span class='ocrx_word' id='word_1_3' title='bbox 550 347 721 415; x_wconf 90' lang='lat' dir='ltr'><strong>PLINII</strong></span> <span class='ocrx_word' id='word_1_4' title='bbox 746 348 840 414; x_wconf 89' lang='lat' dir='ltr'><strong>LIB.</strong></span> <span class='ocrx_word' id='word_1_5' title='bbox 866 348 980 415; x_wconf 92' lang='lat' dir='ltr'><strong>VIII.</strong></span> 
     </span>
    </p>
   </div>
   <div class='ocr_carea' id='block_1_2' title="bbox 159 466 1268 1004">
    <p class='ocr_par' dir='ltr' id='par_1_2' title="bbox 159 466 1268 785">
     <span class='ocr_line' id='line_1_2' title="bbox 194 466 1267 563; baseline 0.001 -24"><span class='ocrx_word' id='word_1_6' title='bbox 194 470 281 539; x_wconf 85' lang='lat' dir='ltr'>cedit</span> <span class='ocrx_word' id='word_1_7' title='bbox 304 468 449 538; x_wconf 85' lang='lat' dir='ltr'><strong>lacrimis</strong></span> <span class='ocrx_word' id='word_1_8' title='bbox 473 470 574 555; x_wconf 91' lang='lat' dir='ltr'><strong>meis,</strong></span> <span class='ocrx_word' id='word_1_9' title='bbox 598 468 689 563; x_wconf 93' lang='lat' dir='ltr'><strong>quod</strong></span> <span class='ocrx_word' id='word_1_10' title='bbox 714 469 850 556; x_wconf 86' lang='lat' dir='ltr'>absens,</span> <span class='ocrx_word' id='word_1_11' title='bbox 871 483 904 537; x_wconf 92' lang='lat' dir='ltr'><strong>et</strong></span> <span class='ocrx_word' id='word_1_12' title='bbox 931 469 1155 562; x_wconf 88' lang='lat' dir='ltr'><strong>impendentis</strong></span> <span class='ocrx_word' id='word_1_13' title='bbox 1186 466 1267 540; x_wconf 87' lang='lat' dir='ltr'><strong>mali</strong></span> 
     </span>
     <span class='ocr_line' id='line_1_3' title="bbox 168 578 1268 674; baseline 0.001 -26"><span class='ocrx_word' id='word_1_14' title='bbox 168 590 171 595; x_wconf 85' lang='lat'>&#39;</span> <span class='ocrx_word' id='word_1_15' title='bbox 194 582 342 667; x_wconf 78' lang='lat' dir='ltr'><strong>nesciuS,</strong></span> <span class='ocrx_word' id='word_1_16' title='bbox 364 582 490 673; x_wconf 87' lang='lat' dir='ltr'><strong>pariter</strong></span> <span class='ocrx_word' id='word_1_17' title='bbox 511 605 657 674; x_wconf 84' lang='lat' dir='ltr'><strong>aegrum,</strong></span> <span class='ocrx_word' id='word_1_18' title='bbox 678 580 805 674; x_wconf 91' lang='lat' dir='ltr'><strong>pariter</strong></span> <span class='ocrx_word' id='word_1_19' title='bbox 830 578 1022 663; x_wconf 83' lang='lat' dir='ltr'><strong>decessisse,</strong></span> <span class='ocrx_word' id='word_1_20' title='bbox 1043 579 1204 673; x_wconf 81' lang='lat' dir='ltr'>cognovi,</span> <span class='ocrx_word' id='word_1_21' title='bbox 1224 604 1268 649; x_wconf 89' lang='lat' dir='ltr'><strong>ne</strong></span> 
     </span>
     <span class='ocr_line' id='line_1_4' title="bbox 159 688 1267 785; baseline -0.001 -27"><span class='ocrx_word' id='word_1_22' title='bbox 159 719 175 768; x_wconf 85' lang='lat'><strong>9</strong></span> <span class='ocrx_word' id='word_1_23' title='bbox 193 693 388 785; x_wconf 84' lang='lat' dir='ltr'><strong>gravissimo</strong></span> <span class='ocrx_word' id='word_1_24' title='bbox 407 688 514 757; x_wconf 91' lang='lat' dir='ltr'><strong>dolori</strong></span> <span class='ocrx_word' id='word_1_25' title='bbox 532 691 653 757; x_wconf 86' lang='lat' dir='ltr'><strong>timore</strong></span> <span class='ocrx_word' id='word_1_26' title='bbox 666 712 926 758; x_wconf 86' lang='lat' dir='ltr'><strong>consuescerem.</strong></span> <span class='ocrx_word' id='word_1_27' title='bbox 939 692 978 756; x_wconf 93' lang='lat' dir='ltr'><strong>In</strong></span> <span class='ocrx_word' id='word_1_28' title='bbox 995 688 1096 757; x_wconf 89' lang='lat' dir='ltr'><strong>tantis</strong></span> <span class='ocrx_word' id='word_1_29' title='bbox 1115 702 1267 757; x_wconf 89' lang='lat' dir='ltr'><strong>tormen-</strong></span> 
     </span>
    </p>

    <p class='ocr_par' dir='ltr' id='par_1_3' title="bbox 194 798 1268 895">
     <span class='ocr_line' id='line_1_5' title="bbox 194 798 1268 895; baseline 0 -27"><span class='ocrx_word' id='word_1_30' title='bbox 194 803 235 869; x_wconf 88' lang='lat' dir='ltr'><strong>tis</strong></span> <span class='ocrx_word' id='word_1_31' title='bbox 258 825 367 885; x_wconf 90' lang='lat' dir='ltr'><strong>eram,</strong></span> <span class='ocrx_word' id='word_1_32' title='bbox 395 824 499 893; x_wconf 93' lang='lat' dir='ltr'><strong>quum</strong></span> <span class='ocrx_word' id='word_1_33' title='bbox 524 799 704 868; x_wconf 81' lang='lat' dir='ltr'><strong>scriberem</strong></span> <span class='ocrx_word' id='word_1_34' title='bbox 727 801 817 883; x_wconf 85' lang='lat' dir='ltr'><strong>hoec,</strong></span> <span class='ocrx_word' id='word_1_35' title='bbox 840 800 1019 867; x_wconf 88' lang='lat' dir='ltr'><strong>scriberem</strong></span> <span class='ocrx_word' id='word_1_36' title='bbox 1042 798 1119 868; x_wconf 86' lang='lat' dir='ltr'><strong>sola.</strong></span> <span class='ocrx_word' id='word_1_37' title='bbox 1147 801 1268 895; x_wconf 90' lang='lat' dir='ltr'><strong>Neque</strong></span> 
     </span>
    </p>

    <p class='ocr_par' dir='ltr' id='par_1_4' title="bbox 194 908 1220 1004">
     <span class='ocr_line' id='line_1_6' title="bbox 194 908 1220 1004; baseline 0 -27"><span class='ocrx_word' id='word_1_38' title='bbox 194 910 283 978; x_wconf 91' lang='lat' dir='ltr'><strong>enim</strong></span> <span class='ocrx_word' id='word_1_39' title='bbox 303 933 394 977; x_wconf 89' lang='lat' dir='ltr'><strong>nunc</strong></span> <span class='ocrx_word' id='word_1_40' title='bbox 412 909 502 977; x_wconf 88' lang='lat' dir='ltr'><strong>aliud</strong></span> <span class='ocrx_word' id='word_1_41' title='bbox 523 923 582 977; x_wconf 89' lang='lat' dir='ltr'><strong>aut</strong></span> <span class='ocrx_word' id='word_1_42' title='bbox 598 911 760 1004; x_wconf 87' lang='lat' dir='ltr'><strong>cogitare,</strong></span> <span class='ocrx_word' id='word_1_43' title='bbox 778 923 836 978; x_wconf 90' lang='lat' dir='ltr'><strong>aut</strong></span> <span class='ocrx_word' id='word_1_44' title='bbox 851 908 944 1003; x_wconf 93' lang='lat' dir='ltr'><strong>loqui</strong></span> <span class='ocrx_word' id='word_1_45' title='bbox 963 934 1109 1004; x_wconf 90' lang='lat' dir='ltr'><strong>possum.</strong></span> <span class='ocrx_word' id='word_1_46' title='bbox 1124 908 1220 980; x_wconf 85' lang='lat' dir='ltr'><strong>Vale.</strong></span> 
     </span>
    </p>
   </div>
   <div class='ocr_carea' id='block_1_3' title="bbox 194 1108 1270 1261">
    <p class='ocr_par' dir='ltr' id='par_1_5' title="bbox 194 1108 1270 1261">
     <span class='ocr_line' id='line_1_7' title="bbox 195 1108 1270 1183; baseline 0.001 -22"><span class='ocrx_word' id='word_1_47' title='bbox 195 1114 248 1171; x_wconf 85' lang='lat' dir='ltr'><strong>avi,</strong></span> <span class='ocrx_word' id='word_1_48' title='bbox 259 1109 331 1183; x_wconf 92' lang='lat' dir='ltr'><strong>quod</strong></span> <span class='ocrx_word' id='word_1_49' title='bbox 342 1121 429 1181; x_wconf 85' lang='lat' dir='ltr'><strong>potest</strong></span> <span class='ocrx_word' id='word_1_50' title='bbox 437 1110 524 1162; x_wconf 82' lang='lat' dir='ltr'><strong>facere</strong></span> <span class='ocrx_word' id='word_1_51' title='bbox 531 1109 564 1162; x_wconf 91' lang='lat' dir='ltr'><strong>ad</strong></span> <span class='ocrx_word' id='word_1_52' title='bbox 573 1110 708 1162; x_wconf 89' lang='lat' dir='ltr'><strong>calamita·</strong></span> <span class='ocrx_word' id='word_1_53' title='bbox 755 1109 842 1162; x_wconf 89' lang='lat' dir='ltr'><strong>necin</strong></span> <span class='ocrx_word' id='word_1_54' title='bbox 853 1128 903 1161; x_wconf 82' lang='lat' dir='ltr'><strong>avo</strong></span> <span class='ocrx_word' id='word_1_55' title='bbox 912 1108 1079 1180; x_wconf 75' lang='lat' dir='ltr'><strong>presidium,</strong></span> <span class='ocrx_word' id='word_1_56' title='bbox 1090 1109 1137 1181; x_wconf 88' lang='lat' dir='ltr'><strong>qui</strong></span> <span class='ocrx_word' id='word_1_57' title='bbox 1148 1109 1214 1162; x_wconf 79' lang='lat' dir='ltr'><strong>alias</strong></span> <span class='ocrx_word' id='word_1_58' title='bbox 1224 1128 1270 1183; x_wconf 80' lang='lat' dir='ltr'><strong>pa·</strong></span> 
     </span>
     <span class='ocr_line' id='line_1_8' title="bbox 194 1187 1232 1261; baseline 0.002 -22"><span class='ocrx_word' id='word_1_59' title='bbox 194 1201 248 1240; x_wconf 92' lang='lat' dir='ltr'><strong>tem</strong></span> <span class='ocrx_word' id='word_1_60' title='bbox 265 1189 358 1259; x_wconf 89' lang='lat' dir='ltr'><strong>puellae</strong></span> <span class='ocrx_word' id='word_1_61' title='bbox 378 1189 458 1261; x_wconf 82' lang='lat' dir='ltr'><strong>hujus</strong></span> <span class='ocrx_word' id='word_1_62' title='bbox 477 1187 641 1260; x_wconf 81' lang='lat' dir='ltr'><strong>aagendam,</strong></span> <span class='ocrx_word' id='word_1_63' title='bbox 663 1189 706 1241; x_wconf 88' lang='lat' dir='ltr'><strong>cui</strong></span> <span class='ocrx_word' id='word_1_64' title='bbox 755 1189 803 1239; x_wconf 90' lang='lat' dir='ltr'><strong>tris</strong></span> <span class='ocrx_word' id='word_1_65' title='bbox 814 1188 911 1240; x_wconf 86' lang='lat' dir='ltr'><strong>mortui</strong></span> <span class='ocrx_word' id='word_1_66' title='bbox 924 1189 995 1240; x_wconf 86' lang='lat' dir='ltr'><strong>vices</strong></span> <span class='ocrx_word' id='word_1_67' title='bbox 1005 1188 1070 1239; x_wconf 84' lang='lat' dir='ltr'><strong>solet</strong></span> <span class='ocrx_word' id='word_1_68' title='bbox 1081 1188 1181 1241; x_wconf 87' lang='lat' dir='ltr'><strong>subire.</strong></span> <span class='ocrx_word' id='word_1_69' title='bbox 1196 1188 1232 1241; x_wconf 87' lang='lat' dir='ltr'><strong>G.</strong></span> 
     </span>
    </p>
   </div>
   <div class='ocr_carea' id='block_1_4' title="bbox 206 1398 1259 1418">
    <p class='ocr_par' dir='ltr' id='par_1_6' title="bbox 206 1398 1259 1418">
     <span class='ocr_line' id='line_1_9' title="bbox 206 1398 1259 1418; baseline 0.001 -2"><span class='ocrx_word' id='word_1_70' title='bbox 206 1398 529 1418; x_wconf 62' lang='grc' dir='ltr'><strong>ΜΜΜΙἊΜΜΜ</strong></span> <span class='ocrx_word' id='word_1_71' title='bbox 533 1401 540 1413; x_wconf 71' lang='lat'><strong>¹</strong></span> <span class='ocrx_word' id='word_1_72' title='bbox 544 1398 1119 1417; x_wconf 48' lang='lat' dir='ltr'><strong>xxmmtssifflmmmmmmmm</strong></span> <span class='ocrx_word' id='word_1_73' title='bbox 1128 1398 1259 1417; x_wconf 58' lang='grc' dir='ltr'><strong>-ἋΜΜ</strong></span> 
     </span>
    </p>
   </div>
   <div class='ocr_carea' id='block_1_5' title="bbox 632 1590 830 1703">
    <p class='ocr_par' dir='ltr' id='par_1_7' title="bbox 632 1590 830 1703">
     <span class='ocr_line' id='line_1_10' title="bbox 632 1590 830 1703; baseline 0.005 -29"><span class='ocrx_word' id='word_1_74' title='bbox 632 1590 830 1703; x_wconf 76' lang='lat' dir='ltr'><strong>xxix.</strong></span> 
     </span>
    </p>
   </div>
   <div class='ocr_carea' id='block_1_6' title="bbox 230 1808 1238 1997">
    <p class='ocr_par' dir='ltr' id='par_1_8' title="bbox 230 1808 1238 1997">
     <span class='ocr_line' id='line_1_11' title="bbox 230 1808 1238 1887; baseline -0.005 -10"><span class='ocrx_word' id='word_1_75' title='bbox 230 1818 406 1887; x_wconf 88' lang='lat' dir='ltr'><strong>Maximum,</strong></span> <span class='ocrx_word' id='word_1_76' title='bbox 428 1816 464 1873; x_wconf 90' lang='lat' dir='ltr'><strong>ad</strong></span> <span class='ocrx_word' id='word_1_77' title='bbox 487 1815 628 1873; x_wconf 85' lang='lat' dir='ltr'><strong>Achaiam</strong></span> <span class='ocrx_word' id='word_1_78' title='bbox 650 1812 842 1871; x_wconf 83' lang='lat' dir='ltr'><strong>ordinandam</strong></span> <span class='ocrx_word' id='word_1_79' title='bbox 867 1813 1003 1885; x_wconf 90' lang='lat' dir='ltr'><strong>missum,</strong></span> <span class='ocrx_word' id='word_1_80' title='bbox 1019 1808 1179 1887; x_wconf 80' lang='lat' dir='ltr'><strong>admonet,</strong></span> <span class='ocrx_word' id='word_1_81' title='bbox 1204 1826 1238 1873; x_wconf 90' lang='lat' dir='ltr'><strong>ut</strong></span> 
     </span>
     <span class='ocr_line' id='line_1_12' title="bbox 327 1909 1161 1997; baseline -0.005 -26"><span class='ocrx_word' id='word_1_82' title='bbox 327 1913 506 1997; x_wconf 85' lang='lat' dir='ltr'><strong>antiquitatis</strong></span> <span class='ocrx_word' id='word_1_83' title='bbox 522 1910 685 1968; x_wconf 90' lang='lat' dir='ltr'><strong>reverentia</strong></span> <span class='ocrx_word' id='word_1_84' title='bbox 700 1909 865 1967; x_wconf 87' lang='lat' dir='ltr'><strong>humaniter</strong></span> <span class='ocrx_word' id='word_1_85' title='bbox 881 1910 1011 1968; x_wconf 91' lang='lat' dir='ltr'><strong>civitates</strong></span> <span class='ocrx_word' id='word_1_86' title='bbox 1026 1922 1137 1968; x_wconf 89' lang='lat' dir='ltr'><strong>tractet.</strong></span> <span class='ocrx_word' id='word_1_87' title='bbox 1156 1929 1161 1935; x_wconf 92' lang='lat'>·</span> 
     </span>
    </p>
   </div>
   <div class='ocr_carea' id='block_1_7' title="bbox 438 2118 1036 2166">
    <p class='ocr_par' dir='ltr' id='par_1_9' title="bbox 438 2118 1036 2166">
     <span class='ocr_line' id='line_1_13' title="bbox 438 2118 1036 2166; baseline -0.005 0"><span class='ocrx_word' id='word_1_88' title='bbox 438 2121 467 2166; x_wconf 86' lang='lat' dir='ltr'><strong>C.</strong></span> <span class='ocrx_word' id='word_1_89' title='bbox 496 2118 676 2165; x_wconf 88' lang='lat' dir='ltr'><strong>PLINIUS</strong></span> <span class='ocrx_word' id='word_1_90' title='bbox 701 2119 879 2163; x_wconf 79' lang='lat' dir='ltr'><strong>MAXIMO</strong></span> <span class='ocrx_word' id='word_1_91' title='bbox 905 2118 984 2164; x_wconf 89' lang='lat' dir='ltr'><strong>SUO</strong></span> <span class='ocrx_word' id='word_1_92' title='bbox 1011 2119 1036 2163; x_wconf 86' lang='lat' dir='ltr'><strong>S.</strong></span> 
     </span>
    </p>
   </div>
   <div class='ocr_carea' id='block_1_8' title="bbox 166 2298 1271 3050">
    <p class='ocr_par' dir='ltr' id='par_1_10' title="bbox 199 2298 1271 2504">
     <span class='ocr_line' id='line_1_14' title="bbox 248 2298 1270 2394; baseline -0.001 -25"><span class='ocrx_word' id='word_1_93' title='bbox 248 2304 356 2369; x_wconf 79' lang='lat' dir='ltr'><strong>Aaron</strong></span> <span class='ocrx_word' id='word_1_94' title='bbox 370 2303 404 2366; x_wconf 91' lang='lat' dir='ltr'><strong>in</strong></span> <span class='ocrx_word' id='word_1_95' title='bbox 419 2313 451 2366; x_wconf 90' lang='lat' dir='ltr'><strong>te</strong></span> <span class='ocrx_word' id='word_1_96' title='bbox 466 2323 559 2366; x_wconf 93' lang='lat' dir='ltr'><strong>meus</strong></span> <span class='ocrx_word' id='word_1_97' title='bbox 573 2299 680 2392; x_wconf 82' lang='lat' dir='ltr'><strong>cogit,</strong></span> <span class='ocrx_word' id='word_1_98' title='bbox 692 2322 760 2365; x_wconf 89' lang='lat' dir='ltr'><strong>non</strong></span> <span class='ocrx_word' id='word_1_99' title='bbox 778 2313 816 2366; x_wconf 91' lang='lat' dir='ltr'><strong>ut</strong></span> <span class='ocrx_word' id='word_1_100' title='bbox 833 2299 1024 2392; x_wconf 87' lang='lat' dir='ltr'><strong>praecipiam</strong></span> <span class='ocrx_word' id='word_1_101' title='bbox 1038 2298 1270 2394; x_wconf 90' lang='lat' dir='ltr'><strong>(nequeenim</strong></span> 
     </span>
     <span class='ocr_line' id='line_1_15' title="bbox 199 2409 1271 2504; baseline 0.002 -27"><span class='ocrx_word' id='word_1_102' title='bbox 199 2425 402 2504; x_wconf 71' lang='lat' dir='ltr'><strong>praeceptore</strong></span> <span class='ocrx_word' id='word_1_103' title='bbox 419 2412 525 2502; x_wconf 83' lang='lat' dir='ltr'><strong>eges),</strong></span> <span class='ocrx_word' id='word_1_104' title='bbox 540 2409 738 2476; x_wconf 90' lang='lat' dir='ltr'><strong>admoneam</strong></span> <span class='ocrx_word' id='word_1_105' title='bbox 758 2425 888 2494; x_wconf 87' lang='lat' dir='ltr'><strong>tamen,</strong></span> <span class='ocrx_word' id='word_1_106' title='bbox 901 2423 956 2494; x_wconf 89' lang='lat' dir='ltr'><strong>ut,</strong></span> <span class='ocrx_word' id='word_1_107' title='bbox 969 2434 1041 2502; x_wconf 89' lang='lat' dir='ltr'><strong>quae</strong></span> <span class='ocrx_word' id='word_1_108' title='bbox 1058 2410 1139 2494; x_wconf 92' lang='lat' dir='ltr'><strong>scis,</strong></span> <span class='ocrx_word' id='word_1_109' title='bbox 1156 2424 1271 2479; x_wconf 90' lang='lat' dir='ltr'><strong>teneas</strong></span> 
     </span>
    </p>

    <p class='ocr_par' dir='ltr' id='par_1_11' title="bbox 166 2517 1271 3050">
     <span class='ocr_line' id='line_1_16' title="bbox 166 2517 1270 2613; baseline -0.005 -20"><span class='ocrx_word' id='word_1_110' title='bbox 166 2562 180 2594; x_wconf 63' lang='grc' dir='ltr'>α</span> <span class='ocrx_word' id='word_1_111' title='bbox 199 2537 233 2589; x_wconf 90' lang='lat' dir='ltr'><strong>et</strong></span> <span class='ocrx_word' id='word_1_112' title='bbox 246 2523 416 2603; x_wconf 86' lang='lat' dir='ltr'><strong>observes,</strong></span> <span class='ocrx_word' id='word_1_113' title='bbox 430 2534 488 2587; x_wconf 92' lang='lat' dir='ltr'><strong>aut</strong></span> <span class='ocrx_word' id='word_1_114' title='bbox 504 2519 586 2586; x_wconf 89' lang='lat' dir='ltr'><strong>scias</strong></span> <span class='ocrx_word' id='word_1_115' title='bbox 601 2517 728 2587; x_wconf 90' lang='lat' dir='ltr'><strong>melius.</strong></span> <span class='ocrx_word' id='word_1_116' title='bbox 740 2520 876 2612; x_wconf 82' lang='lat' dir='ltr'><strong>Cogita,</strong></span> <span class='ocrx_word' id='word_1_117' title='bbox 891 2534 923 2587; x_wconf 89' lang='lat' dir='ltr'><strong>te</strong></span> <span class='ocrx_word' id='word_1_118' title='bbox 934 2520 1069 2587; x_wconf 91' lang='lat' dir='ltr'><strong>missum</strong></span> <span class='ocrx_word' id='word_1_119' title='bbox 1083 2520 1119 2587; x_wconf 94' lang='lat' dir='ltr'><strong>in</strong></span> <span class='ocrx_word' id='word_1_120' title='bbox 1134 2522 1270 2613; x_wconf 87' lang='lat' dir='ltr'><strong>provin·</strong></span> 
     </span>
     <span class='ocr_line' id='line_1_17' title="bbox 199 2628 1271 2724; baseline -0.001 -25"><span class='ocrx_word' id='word_1_121' title='bbox 199 2633 284 2699; x_wconf 88' lang='lat' dir='ltr'><strong>ciam</strong></span> <span class='ocrx_word' id='word_1_122' title='bbox 296 2631 473 2715; x_wconf 85' lang='lat' dir='ltr'><strong>Achaiam,</strong></span> <span class='ocrx_word' id='word_1_123' title='bbox 484 2628 574 2696; x_wconf 89' lang='lat' dir='ltr'><strong>illam</strong></span> <span class='ocrx_word' id='word_1_124' title='bbox 586 2654 698 2696; x_wconf 88' lang='lat' dir='ltr'><strong>veram</strong></span> <span class='ocrx_word' id='word_1_125' title='bbox 712 2644 745 2696; x_wconf 91' lang='lat' dir='ltr'><strong>et</strong></span> <span class='ocrx_word' id='word_1_126' title='bbox 755 2654 880 2697; x_wconf 88' lang='lat' dir='ltr'><strong>meram</strong></span> <span class='ocrx_word' id='word_1_127' title='bbox 892 2630 1114 2713; x_wconf 89' lang='lat' dir='ltr'><strong>Graeciam,in</strong></span> <span class='ocrx_word' id='word_1_128' title='bbox 1123 2655 1190 2723; x_wconf 92' lang='lat' dir='ltr'><strong>qua</strong></span> <span class='ocrx_word' id='word_1_129' title='bbox 1198 2631 1271 2724; x_wconf 91' lang='lat' dir='ltr'><strong>pri·</strong></span> 
     </span>
     <span class='ocr_line' id='line_1_18' title="bbox 200 2739 1271 2834; baseline 0.003 -26"><span class='ocrx_word' id='word_1_130' title='bbox 200 2767 291 2809; x_wconf 93' lang='lat' dir='ltr'><strong>mum</strong></span> <span class='ocrx_word' id='word_1_131' title='bbox 301 2741 510 2831; x_wconf 86' lang='lat' dir='ltr'><strong>humanitas,</strong></span> <span class='ocrx_word' id='word_1_132' title='bbox 525 2739 642 2824; x_wconf 88' lang='lat' dir='ltr'><strong>literae,</strong></span> <span class='ocrx_word' id='word_1_133' title='bbox 655 2741 756 2808; x_wconf 90' lang='lat' dir='ltr'><strong>etiam</strong></span> <span class='ocrx_word' id='word_1_134' title='bbox 771 2739 882 2834; x_wconf 82' lang='lat' dir='ltr'><strong>fruges</strong></span> <span class='ocrx_word' id='word_1_135' title='bbox 894 2741 1037 2809; x_wconf 83' lang='lat' dir='ltr'><strong>inventae</strong></span> <span class='ocrx_word' id='word_1_136' title='bbox 1051 2765 1122 2809; x_wconf 92' lang='lat' dir='ltr'><strong>esse</strong></span> <span class='ocrx_word' id='word_1_137' title='bbox 1134 2742 1271 2811; x_wconf 89' lang='lat' dir='ltr'><strong>credun·</strong></span> 
     </span>
     <span class='ocr_line' id='line_1_19' title="bbox 200 2850 1270 2940; baseline 0 -19"><span class='ocrx_word' id='word_1_138' title='bbox 200 2869 274 2940; x_wconf 80' lang='lat' dir='ltr'><strong>tur3</strong></span> <span class='ocrx_word' id='word_1_139' title='bbox 287 2854 425 2921; x_wconf 89' lang='lat' dir='ltr'><strong>missum</strong></span> <span class='ocrx_word' id='word_1_140' title='bbox 445 2851 486 2919; x_wconf 90' lang='lat' dir='ltr'><strong>ad</strong></span> <span class='ocrx_word' id='word_1_141' title='bbox 502 2850 731 2919; x_wconf 89' lang='lat' dir='ltr'><strong>ordinandum</strong></span> <span class='ocrx_word' id='word_1_142' title='bbox 746 2866 870 2919; x_wconf 88' lang='lat' dir='ltr'><strong>statum</strong></span> <span class='ocrx_word' id='word_1_143' title='bbox 885 2851 1064 2919; x_wconf 89' lang='lat' dir='ltr'><strong>liberarum</strong></span> <span class='ocrx_word' id='word_1_144' title='bbox 1081 2853 1270 2937; x_wconf 88' lang='lat' dir='ltr'><strong>civitatum,</strong></span> 
     </span>
     <span class='ocr_line' id='line_1_20' title="bbox 200 2962 1271 3050; baseline 0.003 -21"><span class='ocrx_word' id='word_1_145' title='bbox 200 2963 233 3030; x_wconf 93' lang='lat' dir='ltr'><strong>id</strong></span> <span class='ocrx_word' id='word_1_146' title='bbox 253 2978 318 3050; x_wconf 89' lang='lat' dir='ltr'><strong>est,</strong></span> <span class='ocrx_word' id='word_1_147' title='bbox 337 2962 378 3030; x_wconf 89' lang='lat' dir='ltr'><strong>ad</strong></span> <span class='ocrx_word' id='word_1_148' title='bbox 399 2963 552 3030; x_wconf 90' lang='lat' dir='ltr'><strong>homines</strong></span> <span class='ocrx_word' id='word_1_149' title='bbox 572 2963 715 3030; x_wconf 88' lang='lat' dir='ltr'><strong>maxime</strong></span> <span class='ocrx_word' id='word_1_150' title='bbox 735 2964 903 3048; x_wconf 90' lang='lat' dir='ltr'><strong>homines,</strong></span> <span class='ocrx_word' id='word_1_151' title='bbox 921 2963 963 3030; x_wconf 90' lang='lat' dir='ltr'><strong>ad</strong></span> <span class='ocrx_word' id='word_1_152' title='bbox 983 2962 1105 3031; x_wconf 93' lang='lat' dir='ltr'><strong>liberos</strong></span> <span class='ocrx_word' id='word_1_153' title='bbox 1125 2965 1271 3032; x_wconf 87' lang='lat' dir='ltr'><strong>maxime</strong></span> 
     </span>
    </p>
   </div>
   <div class='ocr_carea' id='block_1_9' title="bbox 199 3172 1275 4194">
    <p class='ocr_par' dir='ltr' id='par_1_12' title="bbox 200 3172 1274 3546">
     <span class='ocr_line' id='line_1_21' title="bbox 243 3172 1273 3244; baseline -0.003 -17"><span class='ocrx_word' id='word_1_154' title='bbox 243 3175 342 3227; x_wconf 78' lang='lat' dir='ltr'><strong>XXIV.</strong></span> <span class='ocrx_word' id='word_1_155' title='bbox 357 3173 526 3235; x_wconf 88' lang='lat' dir='ltr'><strong>Secundum,</strong></span> <span class='ocrx_word' id='word_1_156' title='bbox 547 3192 628 3244; x_wconf 91' lang='lat' dir='ltr'><strong>quum</strong></span> <span class='ocrx_word' id='word_1_157' title='bbox 643 3173 712 3225; x_wconf 89' lang='lat' dir='ltr'><strong>hanc</strong></span> <span class='ocrx_word' id='word_1_158' title='bbox 764 3193 788 3238; x_wconf 90' lang='lat'><strong>1,</strong></span> <span class='ocrx_word' id='word_1_159' title='bbox 800 3172 933 3225; x_wconf 89' lang='lat' dir='ltr'><strong>simillima</strong></span> <span class='ocrx_word' id='word_1_160' title='bbox 944 3172 1044 3224; x_wconf 89' lang='lat' dir='ltr'><strong>scribit.</strong></span> <span class='ocrx_word' id='word_1_161' title='bbox 1053 3173 1273 3229; x_wconf 82' lang='lat' dir='ltr'><strong>E.-Erataera</strong></span> 
     </span>
     <span class='ocr_line' id='line_1_22' title="bbox 200 3251 1271 3325; baseline -0.002 -18"><span class='ocrx_word' id='word_1_162' title='bbox 200 3255 335 3325; x_wconf 87' lang='lat' dir='ltr'><strong>epistolam</strong></span> <span class='ocrx_word' id='word_1_163' title='bbox 344 3252 712 3314; x_wconf 84' lang='lat' dir='ltr'><strong>scriberet‚celebratissimam</strong></span> <span class='ocrx_word' id='word_1_164' title='bbox 760 3252 877 3313; x_wconf 75' lang='lat' dir='ltr'><strong>Gracia,</strong></span> <span class='ocrx_word' id='word_1_165' title='bbox 889 3253 952 3322; x_wconf 89' lang='lat' dir='ltr'><strong>quia</strong></span> <span class='ocrx_word' id='word_1_166' title='bbox 964 3251 1001 3302; x_wconf 91' lang='lat' dir='ltr'><strong>ibi</strong></span> <span class='ocrx_word' id='word_1_167' title='bbox 1011 3251 1118 3303; x_wconf 79' lang='lat' dir='ltr'><strong>Athena</strong></span> <span class='ocrx_word' id='word_1_168' title='bbox 1129 3264 1154 3304; x_wconf 88' lang='lat' dir='ltr'><strong>et</strong></span> <span class='ocrx_word' id='word_1_169' title='bbox 1163 3251 1271 3323; x_wconf 84' lang='lat' dir='ltr'><strong>Sparta,</strong></span> 
     </span>
     <span class='ocr_line' id='line_1_23' title="bbox 201 3329 1272 3401; baseline -0.004 -15"><span class='ocrx_word' id='word_1_170' title='bbox 201 3335 272 3386; x_wconf 88' lang='lat' dir='ltr'><strong>illam</strong></span> <span class='ocrx_word' id='word_1_171' title='bbox 294 3334 377 3386; x_wconf 88' lang='lat' dir='ltr'><strong>Tullii</strong></span> <span class='ocrx_word' id='word_1_172' title='bbox 399 3333 432 3386; x_wconf 90' lang='lat' dir='ltr'><strong>ad</strong></span> <span class='ocrx_word' id='word_1_173' title='bbox 452 3334 583 3398; x_wconf 88' lang='lat' dir='ltr'><strong>Quintum</strong></span> <span class='ocrx_word' id='word_1_174' title='bbox 606 3334 711 3383; x_wconf 80' lang='lat' dir='ltr'><strong>fratrem</strong></span> <span class='ocrx_word' id='word_1_175' title='bbox 761 3349 872 3400; x_wconf 89' lang='lat' dir='ltr'><strong>quarum</strong></span> <span class='ocrx_word' id='word_1_176' title='bbox 887 3329 1024 3382; x_wconf 87' lang='lat' dir='ltr'><strong>civitatum</strong></span> <span class='ocrx_word' id='word_1_177' title='bbox 1040 3342 1169 3401; x_wconf 79' lang='lat' dir='ltr'><strong>resgestae</strong></span> <span class='ocrx_word' id='word_1_178' title='bbox 1185 3330 1272 3382; x_wconf 86' lang='lat' dir='ltr'><strong>maxi·</strong></span> 
     </span>
     <span class='ocr_line' id='line_1_24' title="bbox 201 3408 1271 3481; baseline -0.004 -16"><span class='ocrx_word' id='word_1_179' title='bbox 201 3414 325 3481; x_wconf 83' lang='lat' dir='ltr'><strong>(1‚1,)in</strong></span> <span class='ocrx_word' id='word_1_180' title='bbox 338 3413 427 3465; x_wconf 88' lang='lat' dir='ltr'><strong>animo</strong></span> <span class='ocrx_word' id='word_1_181' title='bbox 437 3413 561 3464; x_wconf 83' lang='lat' dir='ltr'><strong>habuisse</strong></span> <span class='ocrx_word' id='word_1_182' title='bbox 569 3448 576 3472; x_wconf 94' lang='lat'><strong>,</strong></span> <span class='ocrx_word' id='word_1_183' title='bbox 582 3412 637 3480; x_wconf 87' lang='lat' dir='ltr'><strong>jam</strong></span> <span class='ocrx_word' id='word_1_184' title='bbox 647 3409 714 3461; x_wconf 90' lang='lat' dir='ltr'><strong>vidit</strong></span> <span class='ocrx_word' id='word_1_185' title='bbox 760 3427 832 3460; x_wconf 92' lang='lat' dir='ltr'><strong>mam</strong></span> <span class='ocrx_word' id='word_1_186' title='bbox 842 3409 956 3461; x_wconf 79' lang='lat' dir='ltr'><strong>historiae</strong></span> <span class='ocrx_word' id='word_1_187' title='bbox 973 3427 1062 3478; x_wconf 75' lang='lat' dir='ltr'><strong>graecae</strong></span> <span class='ocrx_word' id='word_1_188' title='bbox 1072 3421 1174 3479; x_wconf 87' lang='lat' dir='ltr'><strong>partem</strong></span> <span class='ocrx_word' id='word_1_189' title='bbox 1186 3408 1271 3461; x_wconf 81' lang='lat' dir='ltr'><strong>confl-</strong></span> 
     </span>
     <span class='ocr_line' id='line_1_25' title="bbox 201 3487 1274 3546; baseline -0.008 0"><span class='ocrx_word' id='word_1_190' title='bbox 201 3494 347 3546; x_wconf 87' lang='lat' dir='ltr'><strong>Catanaeus.</strong></span> <span class='ocrx_word' id='word_1_191' title='bbox 358 3492 384 3544; x_wconf 89' lang='lat' dir='ltr'><strong>S.</strong></span> <span class='ocrx_word' id='word_1_192' title='bbox 761 3487 843 3539; x_wconf 90' lang='lat' dir='ltr'><strong>ciunt.</strong></span> <span class='ocrx_word' id='word_1_193' title='bbox 851 3490 902 3540; x_wconf 90' lang='lat' dir='ltr'><strong>En.</strong></span> <span class='ocrx_word' id='word_1_194' title='bbox 910 3491 1069 3539; x_wconf 83' lang='lat' dir='ltr'><strong>-Homines</strong></span> <span class='ocrx_word' id='word_1_195' title='bbox 1078 3491 1187 3538; x_wconf 73' lang='lat' dir='ltr'><strong>mraxime</strong></span> <span class='ocrx_word' id='word_1_196' title='bbox 1195 3488 1274 3538; x_wconf 76' lang='lat' dir='ltr'><strong>hami·</strong></span> 
     </span>
    </p>

    <p class='ocr_par' dir='ltr' id='par_1_13' title="bbox 199 3568 1275 4194">
     <span class='ocr_line' id='line_1_26' title="bbox 247 3568 1274 3624; baseline -0.006 -1"><span class='ocrx_word' id='word_1_197' title='bbox 247 3592 271 3624; x_wconf 82' lang='lat' dir='ltr'><strong>n.</strong></span> <span class='ocrx_word' id='word_1_198' title='bbox 294 3575 448 3621; x_wconf 82' lang='lat' dir='ltr'><strong>Provinciam</strong></span> <span class='ocrx_word' id='word_1_199' title='bbox 463 3571 594 3620; x_wconf 79' lang='lat' dir='ltr'><strong>Achaiam.</strong></span> <span class='ocrx_word' id='word_1_200' title='bbox 620 3568 711 3621; x_wconf 89' lang='lat' dir='ltr'><strong>Latius</strong></span> <span class='ocrx_word' id='word_1_201' title='bbox 760 3587 808 3617; x_wconf 81' lang='lat' dir='ltr'><strong>nes.</strong></span> <span class='ocrx_word' id='word_1_202' title='bbox 824 3571 937 3618; x_wconf 81' lang='lat' dir='ltr'><strong>Homines</strong></span> <span class='ocrx_word' id='word_1_203' title='bbox 954 3571 1062 3617; x_wconf 77' lang='lat' dir='ltr'><strong>maxime</strong></span> <span class='ocrx_word' id='word_1_204' title='bbox 1082 3569 1190 3617; x_wconf 81' lang='lat' dir='ltr'><strong>homines</strong></span> <span class='ocrx_word' id='word_1_205' title='bbox 1210 3576 1274 3617; x_wconf 84' lang='lat' dir='ltr'><strong>sunt</strong></span> 
     </span>
     <span class='ocr_line' id='line_1_27' title="bbox 200 3646 1272 3722; baseline -0.007 -19"><span class='ocrx_word' id='word_1_206' title='bbox 200 3663 290 3722; x_wconf 88' lang='lat' dir='ltr'><strong>patere</strong></span> <span class='ocrx_word' id='word_1_207' title='bbox 299 3649 405 3701; x_wconf 88' lang='lat' dir='ltr'><strong>Achaiae</strong></span> <span class='ocrx_word' id='word_1_208' title='bbox 422 3667 535 3711; x_wconf 90' lang='lat' dir='ltr'><strong>nomen,</strong></span> <span class='ocrx_word' id='word_1_209' title='bbox 548 3659 642 3700; x_wconf 88' lang='lat' dir='ltr'><strong>etcum</strong></span> <span class='ocrx_word' id='word_1_210' title='bbox 657 3659 712 3700; x_wconf 84' lang='lat' dir='ltr'><strong>tota</strong></span> <span class='ocrx_word' id='word_1_211' title='bbox 760 3646 793 3698; x_wconf 90' lang='lat' dir='ltr'><strong>ad</strong></span> <span class='ocrx_word' id='word_1_212' title='bbox 803 3647 992 3699; x_wconf 84' lang='lat' dir='ltr'><strong>humanitatem</strong></span> <span class='ocrx_word' id='word_1_213' title='bbox 1001 3646 1084 3699; x_wconf 88' lang='lat' dir='ltr'><strong>literis</strong></span> <span class='ocrx_word' id='word_1_214' title='bbox 1093 3658 1119 3698; x_wconf 91' lang='lat' dir='ltr'><strong>et</strong></span> <span class='ocrx_word' id='word_1_215' title='bbox 1128 3657 1272 3698; x_wconf 88' lang='lat' dir='ltr'><strong>consuetu·</strong></span> 
     </span>
     <span class='ocr_line' id='line_1_28' title="bbox 200 3725 1271 3799; baseline -0.006 -20"><span class='ocrx_word' id='word_1_216' title='bbox 200 3729 382 3799; x_wconf 88' lang='lat' dir='ltr'><strong>Peloponneso</strong></span> <span class='ocrx_word' id='word_1_217' title='bbox 395 3728 508 3779; x_wconf 81' lang='lat' dir='ltr'><strong>Atticam</strong></span> <span class='ocrx_word' id='word_1_218' title='bbox 519 3726 598 3778; x_wconf 86' lang='lat' dir='ltr'><strong>etiam</strong></span> <span class='ocrx_word' id='word_1_219' title='bbox 609 3737 634 3777; x_wconf 90' lang='lat' dir='ltr'><strong>et</strong></span> <span class='ocrx_word' id='word_1_220' title='bbox 645 3727 711 3778; x_wconf 89' lang='lat' dir='ltr'><strong>vici·</strong></span> <span class='ocrx_word' id='word_1_221' title='bbox 760 3725 823 3778; x_wconf 88' lang='lat' dir='ltr'><strong>dine</strong></span> <span class='ocrx_word' id='word_1_222' title='bbox 838 3726 951 3778; x_wconf 83' lang='lat' dir='ltr'><strong>exculti:</strong></span> <span class='ocrx_word' id='word_1_223' title='bbox 968 3728 1038 3777; x_wconf 83' lang='lat' dir='ltr'><strong>liberi</strong></span> <span class='ocrx_word' id='word_1_224' title='bbox 1057 3728 1166 3776; x_wconf 78' lang='lat' dir='ltr'><strong>maxime</strong></span> <span class='ocrx_word' id='word_1_225' title='bbox 1187 3727 1271 3785; x_wconf 84' lang='lat' dir='ltr'><strong>liberi,</strong></span> 
     </span>
     <span class='ocr_line' id='line_1_29' title="bbox 201 3802 1274 3877; baseline -0.006 -18"><span class='ocrx_word' id='word_1_226' title='bbox 201 3827 249 3860; x_wconf 92' lang='lat' dir='ltr'><strong>nas</strong></span> <span class='ocrx_word' id='word_1_227' title='bbox 262 3807 360 3860; x_wconf 89' lang='lat' dir='ltr'><strong>insulas</strong></span> <span class='ocrx_word' id='word_1_228' title='bbox 375 3807 530 3876; x_wconf 87' lang='lat' dir='ltr'><strong>complecti,</strong></span> <span class='ocrx_word' id='word_1_229' title='bbox 544 3804 589 3856; x_wconf 91' lang='lat' dir='ltr'><strong>hic</strong></span> <span class='ocrx_word' id='word_1_230' title='bbox 605 3824 712 3877; x_wconf 89' lang='lat' dir='ltr'><strong>quoque</strong></span> <span class='ocrx_word' id='word_1_231' title='bbox 760 3802 1274 3877; x_wconf 72' lang='lat' dir='ltr'><strong>quinaturalemlibertatemconuavim</strong></span> 
     </span>
     <span class='ocr_line' id='line_1_30' title="bbox 201 3879 1273 3945; baseline -0.007 -5"><span class='ocrx_word' id='word_1_232' title='bbox 201 3889 374 3940; x_wconf 81' lang='lat' dir='ltr'><strong>observarunt</strong></span> <span class='ocrx_word' id='word_1_233' title='bbox 388 3886 437 3939; x_wconf 85' lang='lat' dir='ltr'><strong>viri</strong></span> <span class='ocrx_word' id='word_1_234' title='bbox 449 3884 529 3936; x_wconf 89' lang='lat' dir='ltr'><strong>docti.</strong></span> <span class='ocrx_word' id='word_1_235' title='bbox 542 3885 575 3937; x_wconf 91' lang='lat' dir='ltr'><strong>G.</strong></span> <span class='ocrx_word' id='word_1_236' title='bbox 584 3915 619 3924; x_wconf 93' lang='lat'><strong>--</strong></span> <span class='ocrx_word' id='word_1_237' title='bbox 628 3885 710 3937; x_wconf 87' lang='lat' dir='ltr'><strong>Caete-</strong></span> <span class='ocrx_word' id='word_1_238' title='bbox 760 3896 894 3937; x_wconf 91' lang='lat' dir='ltr'><strong>externam</strong></span> <span class='ocrx_word' id='word_1_239' title='bbox 903 3883 1041 3935; x_wconf 88' lang='lat' dir='ltr'><strong>Persarum</strong></span> <span class='ocrx_word' id='word_1_240' title='bbox 1050 3895 1074 3934; x_wconf 88' lang='lat' dir='ltr'><strong>et</strong></span> <span class='ocrx_word' id='word_1_241' title='bbox 1081 3879 1273 3945; x_wconf 86' lang='lat' dir='ltr'><strong>Macedonum,</strong></span> 
     </span>
     <span class='ocr_line' id='line_1_31' title="bbox 200 3964 1275 4037; baseline -0.005 -19"><span class='ocrx_word' id='word_1_242' title='bbox 200 3978 285 4018; x_wconf 90' lang='lat' dir='ltr'><strong>terum</strong></span> <span class='ocrx_word' id='word_1_243' title='bbox 299 3984 381 4037; x_wconf 92' lang='lat' dir='ltr'><strong>quum</strong></span> <span class='ocrx_word' id='word_1_244' title='bbox 394 3966 445 4016; x_wconf 90' lang='lat' dir='ltr'><strong>hoo</strong></span> <span class='ocrx_word' id='word_1_245' title='bbox 462 3965 521 4016; x_wconf 87' lang='lat' dir='ltr'><strong>loco</strong></span> <span class='ocrx_word' id='word_1_246' title='bbox 538 3964 636 4016; x_wconf 91' lang='lat' dir='ltr'><strong>utiliter</strong></span> <span class='ocrx_word' id='word_1_247' title='bbox 646 3983 711 4016; x_wconf 89' lang='lat' dir='ltr'><strong>con·</strong></span> <span class='ocrx_word' id='word_1_248' title='bbox 759 3964 942 4033; x_wconf 89' lang='lat' dir='ltr'><strong>internamque</strong></span> <span class='ocrx_word' id='word_1_249' title='bbox 965 3975 1139 4034; x_wconf 70' lang='lat' dir='ltr'><strong>tyrannorum</strong></span> <span class='ocrx_word' id='word_1_250' title='bbox 1167 3973 1275 4013; x_wconf 85' lang='lat' dir='ltr'><strong>strenue</strong></span> 
     </span>
     <span class='ocr_line' id='line_1_32' title="bbox 200 4039 1275 4116; baseline -0.006 -20"><span class='ocrx_word' id='word_1_251' title='bbox 200 4046 264 4098; x_wconf 83' lang='lat' dir='ltr'><strong>ferri</strong></span> <span class='ocrx_word' id='word_1_252' title='bbox 275 4057 400 4116; x_wconf 87' lang='lat' dir='ltr'><strong>possunt,</strong></span> <span class='ocrx_word' id='word_1_253' title='bbox 412 4062 470 4116; x_wconf 89' lang='lat' dir='ltr'><strong>quae</strong></span> <span class='ocrx_word' id='word_1_254' title='bbox 480 4044 574 4096; x_wconf 90' lang='lat' dir='ltr'><strong>Cicero</strong></span> <span class='ocrx_word' id='word_1_255' title='bbox 588 4044 615 4095; x_wconf 86' lang='lat' dir='ltr'><strong>in</strong></span> <span class='ocrx_word' id='word_1_256' title='bbox 626 4045 710 4096; x_wconf 89' lang='lat' dir='ltr'><strong>nobili</strong></span> <span class='ocrx_word' id='word_1_257' title='bbox 759 4042 858 4113; x_wconf 84' lang='lat' dir='ltr'><strong>legibus</strong></span> <span class='ocrx_word' id='word_1_258' title='bbox 869 4054 894 4094; x_wconf 93' lang='lat' dir='ltr'><strong>et</strong></span> <span class='ocrx_word' id='word_1_259' title='bbox 911 4043 990 4094; x_wconf 91' lang='lat' dir='ltr'><strong>armis</strong></span> <span class='ocrx_word' id='word_1_260' title='bbox 1006 4041 1067 4093; x_wconf 87' lang='lat' dir='ltr'><strong>tuiti</strong></span> <span class='ocrx_word' id='word_1_261' title='bbox 1081 4053 1152 4093; x_wconf 88' lang='lat' dir='ltr'><strong>sunt.</strong></span> <span class='ocrx_word' id='word_1_262' title='bbox 1169 4039 1275 4111; x_wconf 88' lang='lat' dir='ltr'><strong>Nempe</strong></span> 
     </span>
     <span class='ocr_line' id='line_1_33' title="bbox 199 4117 1273 4194; baseline -0.007 -17"><span class='ocrx_word' id='word_1_263' title='bbox 199 4124 234 4177; x_wconf 84' lang='lat' dir='ltr'><strong>ad</strong></span> <span class='ocrx_word' id='word_1_264' title='bbox 243 4126 374 4190; x_wconf 89' lang='lat' dir='ltr'><strong>Quintum</strong></span> <span class='ocrx_word' id='word_1_265' title='bbox 383 4124 490 4177; x_wconf 82' lang='lat' dir='ltr'><strong>fratrem</strong></span> <span class='ocrx_word' id='word_1_266' title='bbox 501 4122 612 4194; x_wconf 88' lang='lat' dir='ltr'><strong>epistola</strong></span> <span class='ocrx_word' id='word_1_267' title='bbox 623 4123 669 4175; x_wconf 91' lang='lat' dir='ltr'><strong>lib.</strong></span> <span class='ocrx_word' id='word_1_268' title='bbox 684 4123 708 4190; x_wconf 87' lang='grc' dir='ltr'><strong>Ι,</strong></span> <span class='ocrx_word' id='word_1_269' title='bbox 759 4121 797 4173; x_wconf 87' lang='lat' dir='ltr'><strong>sic</strong></span> <span class='ocrx_word' id='word_1_270' title='bbox 822 4121 1012 4192; x_wconf 85' lang='lat' dir='ltr'><strong>elegantissime</strong></span> <span class='ocrx_word' id='word_1_271' title='bbox 1034 4117 1171 4173; x_wconf 86' lang='lat' dir='ltr'><strong>Mediccus</strong></span> <span class='ocrx_word' id='word_1_272' title='bbox 1193 4118 1273 4170; x_wconf 86' lang='lat' dir='ltr'><strong>liber.</strong></span> 
     </span>
    </p>
   </div>
   <div class='ocr_carea' id='block_1_10' title="bbox 0 0 1334 4822">
    <p class='ocr_par' dir='ltr' id='par_1_14' title="bbox 0 0 1334 4822">
     <span class='ocr_line' id='line_1_34' title="bbox 0 0 1334 4822; baseline 0 0"><span class='ocrx_word' id='word_1_273' title='bbox 0 0 1334 4822; x_wconf 95' lang='lat' dir='ltr'><strong> </strong></span> 
     </span>
    </p>
   </div>
  </div>
 </body>
</html>
