2654 4822
442 360 704 426 EPISTOLA
728 359 881 426 XVIII.
1150 360 1192 456 37

123 495 244 550 rantur
264 479 352 550 :alii
374 495 490 549 contra
513 482 576 549 hoc
597 482 705 575 ipsum
725 479 880 548 laudibus
899 478 1028 568 ferunt,
1047 483 1137 574 quod
1155 487 1198 552 sit
1227 490 1230 495 ’

123 591 305 659 frustratus
321 590 490 684 improbas
504 616 578 685 spes
591 592 781 673 hominum3
794 615 878 684 quos
890 591 936 658 sic
950 590 1120 684 decipere,
1135 619 1197 687 pro

124 702 277 770 moribus
304 715 512 794 temporum,
535 701 713 795 prudentia
740 716 799 770 est.
825 700 964 769 Addunt
989 703 1107 782 etiam,
1130 729 1197 771 non

125 809 226 880 fuisse
246 812 276 879 ei
295 811 457 897 liberum,
477 810 542 879 alio
561 826 761 880 testamento
783 814 887 898 mori,
905 838 1014 906 neque
1034 816 1123 881 enim
1144 841 1197 882 re·

126 919 260 1014 liquisse
276 947 354 1016 opes
368 921 458 1007 filiae,
468 921 524 989 sed
541 922 739 1010 reddidisse,
755 924 876 1016 quibus
888 938 1006 992 auctus
1019 950 1079 1018 per
1094 925 1196 994 filiam

126 1029 245 1100 fuerat.
269 1034 357 1102 Nam
385 1031 546 1101 Curtilius
569 1034 720 1119 Mancia,
747 1059 885 1128 perosus
909 1059 1069 1129 generum
1099 1063 1197 1105 suum
1217 1065 1233 1121 4

126 1143 314 1210 Domitium
333 1145 506 1211 Lucanum
528 1142 652 1236 (frater
672 1159 721 1213 est
738 1144 848 1240 Tulli)
867 1145 927 1213 sub
948 1170 986 1212 ea
1005 1147 1198 1216 conditione

127 1250 229 1320 filiam
253 1254 342 1346 ejus,
362 1267 498 1345 neptem
521 1278 633 1344 suam,
656 1254 847 1322 instituerat
870 1254 1042 1339 heredem,
1064 1259 1090 1324 si
1113 1272 1199 1326 esset

128 1387 229 1430 manu
245 1364 352 1456 patris
365 1364 493 1432 emissa.
507 1365 671 1432 Emiserat
686 1380 796 1459 pater,
810 1365 1027 1459 adoptaverat
1040 1383 1196 1459 patruus:

128 1457 226 1567 atque
245 1475 292 1541 ita
310 1474 562 1570 circumscripto
580 1489 796 1561 testamento,
814 1500 950 1544 consors
969 1475 1072 1544 frater
1089 1479 1121 1544 in
1141 1503 1199 1572 pa·

129 1585 186 1652 tris
201 1597 400 1677 potestatem
413 1587 657 1680 emancipatam
669 1586 770 1654 filiam
781 1586 970 1680 adoptionis
981 1586 1097 1655 fraude
1110 1614 1200 1656 revo-

130 1708 277 1781 caverat,
294 1708 329 1762 et
347 1695 480 1788 quidem
502 1722 578 1765 cum
598 1698 717 1791 opibus
736 1695 960 1790 amplissimis.
977 1699 1055 1765 Fuit
1074 1696 1198 1792 alioqui
1218 1718 1233 1770 5

130 1802 286 1872 fratribus
304 1804 367 1873 illis
386 1808 480 1898 quasi
500 1806 568 1875 fato
590 1807 722 1891 datum,
741 1821 778 1874 ut
797 1805 915 1873 divites
935 1805 1053 1875 fierent
1072 1808 1198 1875 invitis·

125 1900 236 2000 simis,
250 1940 270 1982 a
284 1915 406 2008 quibus
424 1914 502 1985 facti
516 1931 606 1986 sunt.
621 1917 714 2004 Quin
730 1917 830 1984 etiam
842 1915 1012 1983 Domitius
1027 1914 1126 2001 Afer,
1140 1918 1198 2009 qui

131 2023 200 2093 illos
214 2025 250 2092 in
266 2050 390 2093 nomen
411 2029 607 2121 assumpsit,
629 2025 763 2119 reliquit
780 2038 1015 2093 testamentum
1030 2040 1107 2092 ante
1123 2039 1198 2093 octo

132 2147 164 2201 et
181 2134 298 2203 decem
324 2160 429 2203 annos
449 2140 702 2231 nuncupatum,
721 2135 870 2229 adeoque
891 2149 1006 2229 postea
1027 2135 1198 2227 improba-

133 2258 199 2313 tum
219 2245 302 2333 sibi,
322 2260 361 2314 ut
383 2247 489 2339 patris
510 2246 734 2316 eorumbene
755 2245 993 2340 proscribenda
1019 2247 1197 2314 curaverit.

132 2356 218 2424 Mira
235 2354 325 2428 illius
344 2358 523 2452 asperitas,
542 2359 628 2426 mira
646 2356 784 2427 felicitas
803 2357 948 2424 horum:
969 2354 1057 2423 illius
1073 2356 1199 2449 asperi·
1219 2371 1234 2421 6

134 2543 277 2600 Mediceam
286 2549 442 2612 lectionem,
452 2551 568 2622 utplane
578 2550 641 2606 huic
690 2549 788 2614 habet,
805 2549 878 2602 eluso
895 2560 921 2600 et
934 2549 1070 2601 frustrato.
1087 2548 1137 2602 Illa
1150 2549 1201 2601 cir-

134 2621 188 2677 loco
197 2639 297 2697 aptam.
305 2628 452 2700 vulgatum
462 2628 550 2682 adhuc
559 2633 604 2698 qui
611 2633 642 2680 de
690 2629 859 2701 cumscriptio
867 2629 895 2681 in
905 2647 937 2681 eo
947 2630 1024 2691 inest,
1035 2627 1108 2700 quod
1117 2629 1201 2682 filiam

136 2705 172 2754 illo
186 2709 222 2757 uti
235 2710 266 2758 de
274 2723 361 2774 patre,
379 2729 437 2770 aro,
452 2729 557 2775 proavo,
570 2713 642 2776 quase·

135 2786 184 2834 orbi
194 2801 339 2852 querantur.
351 2788 416 2852 Qute
428 2787 449 2841 si
459 2787 536 2841 lectio
551 2789 640 2841 locum

135 2860 228 2916 habere
246 2863 360 2930 debeat,
379 2878 437 2919 turn
455 2870 509 2917 orbi
526 2866 640 2931 fuerint,

136 2938 267 3009 inaudita,
282 2957 412 3016 quantum
426 2957 544 3010 constat,
560 2948 641 3018 signi·

137 3018 272 3087 litatione,
292 3043 347 3076 non
365 3025 413 3097 qui
424 3025 514 3078 liberis
531 3039 640 3091 carent,

138 3098 178 3151 ted
190 3105 373 3154 exhereditati:
387 3123 466 3177 quem
479 3105 642 3158 intellectum

139 3177 289 3234 Burhuerus
310 3183 418 3254 quidem
439 3184 489 3236 sibi
510 3185 641 3238 invenisse

140 3257 236 3312 videtur
246 3279 326 3331 supra
334 3261 370 3327 V,
384 3282 409 3325 1,
421 3264 445 3318 3.
457 3263 507 3317 Sed
518 3263 584 3315 nihil
594 3264 642 3315 im·

140 3336 218 3403 pedit,
236 3340 302 3412 quin
321 3342 447 3395 sententia
463 3344 548 3414 cogit,
571 3355 599 3396 ut
616 3355 642 3396 et

141 3414 172 3466 ibi
189 3419 313 3472 solemnis
333 3421 491 3491 significatio
509 3424 641 3487 obtineat;

143 3505 163 3545 et
176 3497 228 3566 jam
242 3510 336 3552 contra
351 3498 416 3552 dixit
433 3501 468 3554 ad
482 3520 542 3554 eum
556 3502 642 3574 ipsum

142 3570 222 3629 locum
235 3577 397 3636 Gronovius.
412 3580 446 3634 G.

173 3662 196 3718 4.
210 3660 324 3712 Curetida
339 3664 454 3722 Mancia,
475 3662 600 3716 exercitus
615 3661 643 3712 in

145 3729 276 3791 Germania
297 3738 400 3809 legatus
418 3741 468 3792 sub
484 3741 598 3794 Nerone.
608 3770 644 3779 —

146 3815 221 3867 Frater
228 3833 265 3868 est
273 3822 345 3870 Tulli.
353 3819 458 3871 Cortius
468 3838 498 3871 ex
507 3818 642 3874 Mediceo:

142 3890 213 3954 stater
224 3899 244 3953 is
260 3901 332 3949 Tulli.
350 3897 500 3952 Plinianum
519 3899 579 3952 hoe.
596 3903 644 3952 Re·

147 3974 204 4042 eepit
216 3987 241 4027 et
254 3976 396 4048 Gierigius.
411 3977 439 4030 S.

175 4058 396 4126 —Circumtcripto
406 4073 556 4110 testamento.
568 4059 645 4110 Com·

149 4144 225 4187 mento
232 4135 348 4207 quodam
356 4175 364 4202 ,
373 4137 446 4210 quod
453 4137 521 4209 juris
531 4137 645 4210 speciem

691 2708 793 2772 fratris,
808 2709 971 2781 emancipari
982 2712 1097 2782 jussam,
1109 2719 1137 2760 ut
1147 2708 1201 2760 srui

688 2800 776 2858 posset
792 2799 948 2842 testamento
963 2789 1005 2841 avi
1022 2787 1081 2852 sui,
1094 2786 1202 2857 adoptat

689 2868 770 2920 frater
783 2868 822 2931 is,
843 2870 889 2940 qui
908 2888 1005 2919 consors
1026 2879 1093 2919 esset
1112 2865 1201 2918 fratris

690 2947 895 3018 emancipantu,
909 2948 961 3000 hoc
975 2958 1030 3008 est,
1045 2946 1071 2997 in
1084 2963 1202 2999 commu·

689 3026 769 3080 nione
788 3026 921 3077 bonorum
942 3024 1056 3080 indivisa
1077 3043 1137 3077 cum
1157 3023 1202 3077 illo

689 3106 803 3158 viveret:
816 3105 889 3158 hunc
903 3106 974 3156 enim
984 3123 1039 3157 esse
1051 3119 1200 3164 consortem,

690 3184 746 3237 leti
757 3183 871 3247 docent,
886 3195 911 3235 et
925 3184 1071 3235 Burmann.
1086 3182 1119 3234 ad
1129 3183 1201 3235 Vell.

690 3265 719 3328 Ι,
730 3283 772 3316 10.
782 3263 866 3335 Igitur
876 3262 949 3334 quod
960 3261 995 3314 ad
1009 3262 1095 3333 ipsum
1104 3262 1203 3314 reditu-

690 3363 750 3396 rum
762 3356 817 3396 erat
827 3382 834 3406 ,
849 3341 882 3395 de
893 3342 969 3394 bonis
979 3342 1039 3393 filiae
1049 3361 1102 3394 non
1112 3361 1203 3395 eman·

691 3425 794 3494 cipatae,
801 3422 867 3474 illud
875 3425 931 3494 jam
938 3420 1052 3485 redibat,
1062 3433 1202 3493 postquam

692 3504 856 3575 emancipata
879 3502 1007 3573 quidem,
1038 3502 1083 3554 sed
1109 3501 1202 3554 eadem

692 3582 814 3653 adoptata
830 3602 843 3634 a
858 3583 938 3634 fratre
951 3593 1071 3634 consorte
1085 3592 1149 3633 erat.
1167 3581 1201 3634 G.

728 3664 754 3716 5.
768 3666 890 3712 Domitius
903 3664 972 3730 Aser.
986 3661 1089 3712 Profuit
1102 3661 1145 3712 hic
1161 3659 1201 3711 lo·

692 3760 738 3793 cus
758 3742 832 3793 nobis
852 3739 888 3792 ad
906 3738 1133 3810 interpretandum
1148 3758 1203 3791 non

692 3821 772 3885 nimis
780 3821 883 3873 facilem
891 3819 979 3872 locum
989 3818 1146 3884 Quintiliani
1151 3817 1202 3879 VI,

694 3899 725 3962 3,
747 3920 795 3969 92,
816 3900 862 3951 ubi
885 3912 1007 3970 putamus
1028 3898 1107 3968 hujus
1125 3908 1203 3948 testa-

693 3980 775 4032 menti
788 3978 947 4032 mentionem
958 3977 1025 4029 fieri.
1036 3977 1069 4028 G.
1079 3978 1204 4026 -Domi-

695 4062 741 4110 tius
753 4063 823 4127 Afer,
837 4058 907 4110 idem
921 4057 966 4128 qui
976 4056 1021 4120 ΙΙ,
1034 4075 1076 4125 ep.
1090 4062 1120 4117 14
1131 4091 1138 4114 ,
1154 4071 1201 4115 10,
1213 4094 1219 4107 .

696 4139 939 4209 occurrit.Quoquo
945 4135 1026 4189 modo
1032 4126 1202 4187 inclarescere
