2654 4822
435 367 698 435 EPISTOLA
722 368 787 435 vt.
959 358 970 374 ‘
1099 393 1137 439 11

74 511 192 564 tronus
218 490 457 577 advocaretur,
484 515 527 557 ne
553 491 740 558 sestertium
771 491 897 558 centies
924 492 1142 586 quinquagies

72 614 256 697 sperneret.
279 602 413 698 sprevit
433 599 524 693 quod
543 598 650 668 solum
670 602 800 694 potuit,
819 603 921 671 tantis
939 603 1061 695 opibus
1082 628 1142 697 pu·

70 712 158 780 blice
174 709 296 777 oblatis
308 710 318 778 Ξ
331 710 543 804 arrogantius
561 709 654 794 fecit,
672 735 773 803 quam
790 713 817 779 si
831 712 1021 805 accepisset.
1037 716 1142 782 Sena·
1164 741 1195 776 ιο

71 838 127 892 tus
144 839 258 892 tamen
274 823 309 890 id
328 846 482 915 quoque,
500 821 616 890 similis
628 824 797 915 querenti,
812 822 966 893 laudibus
985 823 1077 911 tulit,
1091 825 1144 892 his

71 935 210 1028 quidem
224 933 335 1002 verbis
352 958 360 1001 ε
377 957 438 1001 san
453 957 553 1014 visr
567 954 733 1002 pnrucurs
747 957 917 1017 omrnvs,
936 957 1143 1016 naaeusovs

70 1068 258 1130 evsnrcvs,
284 1067 446 1114 noearvs
467 1068 488 1112 a
512 1066 712 1130 nannenus,
731 1068 807 1113 uam
826 1069 971 1114 rsuram
991 1068 1143 1114 sauren-

70 1178 156 1242 rrAE,
176 1177 254 1236 ove
273 1174 490 1222 naumurum
509 1176 557 1222 an
576 1176 727 1223 naunvu
744 1176 1144 1224 u1uxnnan1ocuurrns

69 1286 311 1345 vaeraerus
334 1279 570 1348 sesmarum,
596 1287 973 1348 aunrrrrrvonv1ssnr3
998 1288 1144 1334 russam

70 1397 258 1460 sanarunt,
275 1397 319 1440 ar
333 1395 370 1441 su
381 1396 549 1441 urrunnun
560 1395 752 1441 acmuarro
762 1396 861 1442 Hauc
871 1396 1026 1453 sunnam
1037 1395 1143 1444 rursu

69 1507 243 1565 nunrovos
265 1504 444 1568 uonoans,
466 1505 510 1550 on
529 1504 641 1550 arnum
660 1504 968 1566 nrurcuuussrova
988 1508 1143 1554 rainau-

69 1617 140 1679 rm,
165 1617 367 1663 nscunuunu
394 1616 567 1678 coeerssm
593 1600 794 1663 vonvurarr'
819 1617 943 1663 Tanau
968 1615 1144 1664 erumpis

71 1728 145 1791 svl,
166 1727 224 1774 cvr
240 1728 278 1774 m
296 1727 412 1773 uvius
435 1727 478 1771 aa
497 1726 561 1772 aas
582 1727 741 1771 evranur
759 1727 985 1789 unaveuanu,
1012 1728 1050 1773 ru
1068 1728 1143 1773 nac

71 1836 214 1895 Qonvu
239 1837 285 1882 nn
300 1836 463 1896 ossuum.
487 1813 675 1905 Imaginare
694 1811 878 1881 Pallantem
899 1812 989 1882 velut
1005 1816 1144 1883 interce·
1165 1851 1193 1886 ιι

70 1923 208 1992 dentem
227 1937 362 1992 senatus
380 1921 554 2007 consulte,
572 1923 867 2016 moderantemque
886 1923 1030 1992 honores
1049 1949 1144 2012 suos,

70 2049 107 2103 et
117 2036 305 2103 sestertium
316 2034 440 2102 centies
453 2035 690 2128 quinquagies,
700 2048 738 2101 ut
749 2034 907 2120 nimium,
916 2049 1144 2120 recusantem,

71 2171 179 2240 quum
204 2145 363 2243 praetoria
388 2158 605 2230 ornamenta,
631 2159 791 2238 tanquam
809 2145 937 2228 minus,
955 2146 1142 2238 recepisset.

35 2316 39 2321 .
69 2257 262 2350 Imaginare
276 2258 456 2344 Caesarem,
472 2255 583 2324 liberti
602 2255 776 2348 precibus,
792 2254 843 2323 vel
859 2256 971 2349 potius
986 2255 1145 2348 imperio,

71 2391 188 2435 coram
206 2381 324 2435 senatu
343 2367 640 2461 obtemperantem.
659 2369 806 2460 Imperat
824 2366 913 2433 enim
931 2363 1069 2432 libertus
1086 2388 1143 2456 pa·

71 2490 192 2565 trono,
210 2502 309 2570 quem
325 2480 360 2545 in
376 2492 491 2547 senatu
507 2492 615 2572 rogat.
630 2479 820 2571 Imaginare
834 2489 1002 2561 senatum,
1019 2499 1143 2566 usque·
1163 2508 1193 2542 η

71 2611 208 2681 quaque
224 2602 421 2676 testantem,
439 2589 560 2657 merito
579 2587 788 2680 libenterque
806 2611 840 2654 se
860 2587 945 2652 hanc
962 2607 1144 2671 summam,

72 2697 164 2764 inter
178 2696 324 2792 reliquos
338 2699 499 2782 honores,
512 2698 655 2767 Pallanti
669 2699 805 2791 coepisse
819 2696 1014 2781 decernere3
1028 2709 1060 2762 et
1072 2718 1145 2786 per·

72 2821 304 2876 severaturum
322 2809 422 2879 fuisse
437 2836 489 2898 se,
508 2811 572 2878 nisi
591 2811 830 2904 obsequeretur
845 2808 1006 2902 principis
1022 2804 1143 2874 volun-

72 3064 148 3099 sema
156 3043 263 3098 videam
276 3047 359 3099 nostri
374 3049 545 3098 advocaretur.
557 3046 584 3099 S.
617 3051 621 3056 '
634 3045 707 3118 quod
719 3044 829 3116 objicias
836 3051 843 3109 ',
860 3042 889 3094 i'd
900 3054 955 3095 e's's‘e
963 3055 1096 3112 'a'qeeptrtm'
1104 3057 1144 3092 re·
1157 3093 1159 3098 ,

109 3156 146 3165 -
160 3129 254 3192 sprevit
271 3130 353 3192 quod,
372 3138 423 3178 etc.
443 3128 587 3180 Verissime
627 3129 716 3194 serre:
729 3125 779 3175 hac
789 3124 859 3175 enim
874 3132 949 3172 aetate
964 3131 989 3172 et
999 3120 1083 3172 Plinio
1094 3139 1145 3173 no·

71 3204 256 3258 Cortiuscum
267 3203 385 3275 Gierigio
400 3205 499 3258 elibris
512 3207 587 3260 bonae
636 3216 689 3256 stro
696 3206 766 3270 ferre
786 3215 912 3268 acceptum
932 3200 959 3250 in
979 3217 1028 3251 usu
1047 3200 1143 3265 luisse,
1173 3217 1183 3228 ‘

71 3295 143 3337 notae
157 3301 165 3336 ε
179 3285 295 3350 Sprevit:
314 3277 383 3350 quod
396 3288 474 3334 solum
486 3289 584 3352 potuit,
635 3293 747 3336 constat.
758 3280 793 3332 G·
804 3310 838 3320 —-
849 3283 883 3330 Et
894 3298 920 3329 se
926 3316 1019 3329 ......
1038 3284 1143 3346 eoepisse.

73 3367 150 3415 tantis
159 3365 246 3430 opibus
251 3365 351 3429 publice
360 3366 456 3423 oblatis,
468 3384 588 3432 arrogan-
635 3365 677 3414 Au
689 3358 858 3414 scribendum
874 3377 880 3410 :
900 3361 955 3423 etsi.
967 3396 973 3408 .
984 3395 990 3407 .
1002 3395 1008 3407 .
1020 3395 1044 3407 ..
1058 3363 1147 3426 coepis-

73 3446 123 3494 tius
125 3445 223 3510 facere,
232 3460 308 3509 quum
318 3446 341 3492 si
349 3445 486 3508 accepisset.
492 3444 587 3496 Nostra
635 3451 689 3492 set?
700 3442 763 3492 Mox
774 3449 876 3509 praestat
887 3438 970 3490 Cortii
977 3437 1055 3490 lectio
1067 3456 1074 3488 :
1085 3441 1146 3488 Pal·

72 3521 153 3574 lectio
166 3539 246 3573 sensu
261 3531 323 3592 apto
336 3533 416 3573 caret.
430 3522 457 3574 S.
636 3524 699 3571 tanti
707 3523 835 3570 decernere
846 3521 950 3584 cupisse.
963 3518 990 3571 S.

113 3619 156 3654 ιο.
167 3603 293 3652 Laudibus
303 3603 364 3652 tulit.
375 3601 436 3653 Non
449 3611 540 3652 contra
551 3600 588 3653 di·
674 3599 944 3665 11.Imperatliberms.
952 3597 1009 3648 Hoc
1017 3597 1084 3657 vult,
1091 3615 1147 3649 nou

72 3697 134 3733 cam
153 3678 258 3750 vulgari
277 3678 439 3745 intellectui,
464 3680 586 3732 laudibus
636 3679 722 3730 minus
734 3696 789 3731 esse
804 3675 985 3746 impudentem
1002 3676 1144 3745 libertum,

73 3759 184 3812 extulit:
199 3757 246 3810 sed
259 3777 309 3811 nec
322 3760 498 3829 incongruum
513 3759 586 3814 vide·
635 3758 682 3830 qui
695 3759 722 3809 iu
736 3768 828 3809 senatu
839 3774 934 3826 rogare
945 3766 1086 3825 patronum
1099 3773 1147 3806 au-

72 3840 153 3891 batur
162 3856 267 3890 sumere
275 3837 305 3889 id
311 3839 422 3890 verbum
433 3856 464 3890 ex
473 3838 587 3892 formula
636 3837 714 3902 deat,
726 3854 807 3909 quam
819 3837 865 3906 qui
876 3834 949 3888 domi
959 3835 1070 3906 imperet
1081 3853 1088 3886 z
1099 3834 1147 3905 qui

72 3919 226 3982 rationum,
249 3919 297 3971 ubi
311 3920 382 3987 ferre
402 3929 441 3970 est
461 3934 587 3986 acceptum
634 3936 729 3987 rogare
741 3915 823 3988 possit
836 3916 984 3977 insenum,
999 3933 1059 3967 eum
1070 3931 1148 3985 posse

66 4000 152 4066 ferre,
165 3996 330 4058 adscribere,
343 3997 482 4068 imputare.
498 3998 587 4068 Impu-
635 3995 708 4048 domi
722 3996 864 4067 imperare.
878 3992 1061 4064 G.-Gierig.
1071 4003 1147 4064 putat

73 4077 155 4143 tavit,
165 4076 306 4152 adscripsit
316 4076 440 4130 laudibus
450 4077 586 4143 Pallantis,
636 4095 667 4129 ex
679 4087 767 4128 mente
776 4074 853 4127 Plinii
861 4093 950 4142 rogare
961 4079 986 4124 in
995 4088 1082 4125 senatu
1092 4088 1147 4124 esse

74 4158 148 4230 quod
161 4157 262 4230 sprevit
276 4168 364 4210 tantas
380 4175 451 4230 opes.
463 4158 518 4211 Nec
531 4168 570 4211 est
577 4194 586 4222 ,
636 4155 707 4210 idem
717 4155 790 4228 quod
799 4156 938 4225 imperare.
949 4155 1000 4206 Eu.
