2654 4822
397 335 662 403 EPISTOLA
686 336 817 404 XVII.
1101 336 1146 409 35

72 458 244 543 assiduus,
263 470 298 525 et
322 455 442 549 dejecti
468 456 615 524 nubibus
641 458 793 526 turbines
822 484 829 525 ε
857 474 998 551 proruta
1028 485 1147 553 opera,

71 568 197 664 quibus
222 567 369 662 pretiosa
394 591 473 634 rura
499 568 711 661 cinguntur:
739 582 896 660 quassata
921 585 1022 663 atque
1048 573 1147 639 etiam

70 680 214 749 decussa
237 678 457 747 monimenta.
488 677 589 746 Multi
615 679 778 771 ejusmodi
805 681 936 749 casibus
966 681 1149 763 debilitati,

70 790 208 879 obruti,
222 788 358 875 obtriti,
377 802 411 854 et
433 802 531 855 aucta
554 787 698 856 luctibus
720 789 852 857 damna.
873 793 925 859 Ne
944 791 1026 884 quid
1043 792 1149 860 simile
1168 800 1183 847 6

70 901 168 987 istic,
187 923 250 993 pro
269 923 424 966 mensura
444 897 601 991 periculi,
619 924 759 967 vereor:
778 915 878 995 teque
897 926 998 994 rogo,
1017 903 1044 968 si
1065 902 1149 970 nihil

70 1008 141 1077 tale
152 1024 221 1097 est,
235 1032 335 1101 quam
347 1008 571 1076 maturissime
586 1008 789 1078 solicitudini
803 1035 885 1079 meae
901 1011 1053 1079 consulas
1069 1038 1077 1079 :
1092 1012 1150 1081 sed

70 1134 124 1203 et,
148 1120 176 1188 si
200 1118 288 1205 tale,
312 1116 347 1185 id
371 1143 507 1212 quoque
532 1120 678 1188 nunties.
700 1123 788 1190 Nam
814 1120 991 1215 parvulum
1017 1120 1148 1209 differt,

68 1230 212 1325 patiaris
237 1228 392 1316 adversa,
417 1253 460 1296 an
487 1245 675 1323 exspectes:
689 1230 753 1298 nisi
779 1230 869 1324 quod
895 1245 1008 1298 tamen
1026 1245 1075 1299 est
1092 1231 1151 1299 do·

69 1340 165 1435 leudi
177 1340 314 1426 modus,
328 1363 397 1407 non
409 1355 459 1407 est
468 1340 620 1408 timendi.
635 1339 757 1408 Doleas
772 1342 876 1422 enim,
892 1355 1057 1434 quantum
1067 1342 1149 1411 scias

69 1450 251 1536 accidisse3
270 1450 405 1535 timeas,
421 1465 587 1542 quantum
604 1452 709 1544 possit
726 1450 888 1519 accidere.
899 1450 994 1518 Vale.

109 1690 147 1699 —
159 1663 255 1725 Opera,
271 1660 357 1724 quibus
368 1659 488 1724 pretiosa.
503 1657 589 1727 Agge·
673 1662 835 1708 -Lucribun
846 1658 889 1709 Ob
899 1655 1063 1721 debilitatos,
1073 1658 1151 1709 obru-

70 1757 137 1799 res,
150 1736 245 1808 quibus
259 1737 366 1787 arbores
378 1736 523 1806 impositae,
536 1753 590 1787 ma·
638 1748 694 1801 tos,
706 1736 826 1788 obtritos.
840 1736 869 1788 S.

72 1815 164 1879 ceria,
174 1832 262 1885 sepes,
273 1813 306 1866 de
315 1814 411 1885 quibus
420 1814 512 1866 rustici
522 1814 590 1877 mei,
666 1818 701 1866 ·6.
710 1821 759 1866 Pro
770 1834 883 1864 mensum
885 1818 998 1881 periculi.
1011 1815 1150 1885 Intelligit‚

70 1913 100 1948 v.
122 1913 148 1965 g.
169 1894 257 1946 Varro
276 1893 307 1957 1,
328 1904 371 1956 14.
390 1893 522 1944 Volebam
543 1892 591 1944 ali·
639 1906 720 1965 puto,
743 1893 891 1964 analogiam
911 1906 936 1944 et
953 1895 1151 1965 proportionem

72 1972 367 2049 quando'transpositis
381 1973 468 2024 verbis
485 1971 591 2024 duobus
639 1972 792 2045 quamdam.
809 1974 836 2026 si
852 1973 897 2025 bic
913 1974 982 2025 circa
998 1973 1104 2025 Anienis
1121 1993 1151 2026 ac

67 2057 184 2121 preciosa
196 2056 308 2126 jungere
325 2070 387 2105 cum
400 2055 531 2119 operibus:
545 2050 591 2102 sed
639 2052 740 2105 Tiberia
761 2051 943 2114 confluentes,
968 2052 1021 2104 hoc
1043 2064 1100 2113 est,
1124 2052 1152 2103 in

73 2150 132 2202 qno
137 2132 294 2204 pretiosiora
300 2143 364 2185 aunt
369 2150 443 2194 mira,
451 2142 525 2183 tanto
532 2130 592 2202 plus
640 2133 730 2193 Latio,
749 2143 821 2183 tanta
835 2130 955 2197 diluvia,
968 2142 1068 2204 quanta
1081 2134 1149 2190 istic,

74 2210 105 2263 in
121 2225 195 2283 septa
212 2231 305 2266 eorum
318 2211 438 2285 impendi
451 2212 591 2264 verisimile
640 2213 687 2263 ubi
704 2224 734 2263 tu
754 2231 797 2275 es,
818 2212 957 2275 Macrine;
979 2212 1044 2264 locis
1061 2211 1151 2261 humi-

74 2303 126 2345 eat.
143 2292 179 2345 G.
193 2323 229 2333 -
242 2296 407 2344 Munimenta.
429 2291 489 2343 Non
508 2290 592 2362 sepul·
640 2291 768 2354 boribus,
789 2292 890 2344 diluvio
911 2293 995 2362 magis
1018 2290 1082 2343 alias
1104 2291 1152 2341 ob-

74 2390 185 2424 crorum
197 2370 295 2433 modo,
316 2371 362 2425 sed
382 2371 433 2424 alia
449 2372 528 2424 etiam
542 2389 591 2441 pu·
639 2371 738 2433 noxiis,
750 2383 812 2436 eto,
826 2371 893 2424 forte
904 2373 932 2423 in
941 2367 1151 2440 Transpadanis,

72 2451 145 2504 blica
161 2470 253 2523 opera.
270 2451 385 2505 Videtur
402 2450 502 2503 Plinius
522 2451 592 2521 cogi·
639 2451 674 2503 ad
688 2453 797 2503 Larium
812 2450 919 2514 lacum,
934 2452 980 2502 ubi
994 2449 1093 2521 praedia
1105 2448 1152 2500 ha·

71 2542 145 2583 tasse
158 2531 304 2585 secundam
322 2531 393 2584 oden
407 2530 527 2595 Horatii,
545 2530 592 2582 ubi
639 2531 728 2583 buisse
741 2541 862 2582 nostrum
873 2541 984 2583 constat.
999 2528 1033 2580 G.
1048 2558 1084 2567 -
1096 2531 1154 2578 Nisi

73 2608 179 2663 Tiberia
197 2611 218 2662 it
239 2614 360 2682 dejectum
379 2614 532 2663 monimenta
552 2630 591 2660 re·
640 2614 709 2679 quod
726 2625 817 2661 tamen,
835 2615 938 2660 Tantum
957 2607 1086 2679 quidam3
1106 2605 1152 2658 sed

72 2693 126 2757 gis,
140 2701 191 2742 ete.
205 2689 240 2741 G.
640 2702 760 2744 nostrum
770 2689 1024 2760 magisPlinianum.
1035 2688 1086 2738 En.
