2654 4822
398 319 659 387 EPISTOLA
684 321 787 387 XIV.
1074 346 1120 418 29

56 461 89 515 et
100 446 157 537 qui
167 441 339 535 relegant,
352 438 599 509 absolventibus
616 441 778 532 primurn,
790 465 868 510 mox
881 443 967 512 inter
981 469 1015 513 se
1028 470 1122 515 com-

56 556 179 651 parari.
196 549 331 620 Scilicet
347 564 386 617 ut
403 551 438 619 in
456 547 652 644 spectaculis
670 550 869 642 quibusdam
888 577 959 620 sors
977 553 1123 648 aliquem

57 665 192 758 seponit
211 687 249 730 ac
270 676 398 746 servat,
416 660 567 753 quicum
585 659 710 727 victore
729 659 932 729 contendat:
952 661 1051 731 sicin
1070 689 1124 733 se-

57 790 142 843 natu
163 787 243 840 sunt
264 770 376 863 aliqua
397 770 525 862 prima,
543 782 622 835 sunt
644 768 790 837 secunda
810 771 1010 860 certamina;
1029 787 1063 840 et
1084 798 1124 842 ex

57 883 191 952 duabus
217 879 390 948 sententiis
416 893 513 962 eam,
529 902 602 971 quae
621 878 774 970 superior
794 880 927 964 exierit,
945 883 1043 951 tertia
1065 907 1125 951 ex-

58 1005 200 1085 spectat.
218 987 329 1076 Quid,
346 986 456 1080 quod,
475 986 584 1079 prima
600 988 763 1055 sententia
781 991 1012 1082 comprobata,
1032 1007 1126 1062 caete·
1142 1028 1176 1064 n

60 1127 105 1169 rae
124 1095 360 1194 perimuntur?
376 1096 453 1183 Qua
469 1119 549 1189 ergo
571 1097 699 1163 ratione
717 1110 825 1189 potest
843 1122 913 1168 esse
929 1096 1021 1199 [non]
1038 1128 1126 1172 unus

60 1225 162 1303 atque
174 1209 263 1276 idem
276 1207 368 1276 locus
383 1206 639 1292 sententiarum,
649 1230 792 1298 quarum
807 1207 917 1277 nullus
930 1226 981 1279 est
993 1214 1127 1305 postea?

96 1431 132 1440 ..
146 1406 177 1450 171
193 1400 343 1465 spectaculis.
361 1393 535 1447 Disertissime
548 1405 574 1445 et
622 1405 647 1446 et
657 1393 753 1446 deinde
761 1402 829 1456 lma,
842 1416 873 1449 ex
883 1417 936 1468 quo
945 1400 1038 1472 aliquis
1043 1408 1128 1472 prima

62 1478 184 1551 plurimis
193 1476 279 1528 verbis
287 1475 339 1528 hoc
350 1494 405 1527 non
416 1485 470 1526 tam
479 1472 575 1525 descri-
622 1472 721 1524 fecerit.
730 1475 806 1526 Certe
815 1475 858 1527 hic
865 1476 1011 1531 intellectus
1019 1494 1068 1546 est,
1078 1504 1129 1536 una

63 1559 114 1630 psit
123 1596 135 1622 „
150 1576 231 1628 quarn
250 1555 351 1608 actione
368 1553 440 1606 velut
458 1552 572 1623 quadam
622 1553 750 1606 sententia
765 1555 891 1624 probata,
908 1571 1007 1611 ceteras
1021 1563 1128 1630 perimi,

63 1635 349 1710 proposuthucianus
366 1634 394 1685 in
410 1633 574 1685 Hermotimo
622 1643 648 1684 et
664 1651 718 1684 non
733 1633 828 1687 valere.
853 1635 903 1689 Sed
920 1648 1009 1692 tamen
1025 1655 1129 1715 recepta

66 1737 95 1788 p·
109 1718 173 1781 536,
184 1734 240 1788 sqq,
251 1716 353 1784 Nempe
367 1712 389 1765 si
399 1729 511 1764 numero
523 1711 574 1762 im·
622 1711 700 1764 lectio
707 1712 786 1764 etiam
793 1713 1024 1770 hancsententiam
1031 1720 1130 1776 habere

67 1796 138 1868 Pari,
148 1814 173 1846 v·
182 1813 210 1865 8·
221 1813 334 1856 novem,
346 1792 398 1844 ⁸51st
406 1790 574 1862 Sladiflmmt
622 1802 716 1862 P⁰²⁸⁸⁸·
728 1790 762 1843 G·
775 1823 810 1832 ’“
819 1793 893 1846 Nihil
903 1795 970 1847 mihi
980 1797 1074 1853 videm
1082 1804 1130 1855 ⁰b'

67 1886 150 1927 sortes
159 1873 335 1944 conjiciuntur
346 1872 413 1923 hints
423 1869 575 1923 earumdem
623 1870 754 1923 scuritatis
768 1870 796 1922 in
806 1872 915 1944 vulgata
928 1877 1039 1932 lectione
1054 1902 1129 1953 repe·

67 1954 222 2016 literarum,
244 1951 302 2004 duae
322 1952 363 2014 A,
384 1949 442 2002 duae
461 1950 501 2013 Β,
524 1961 574 2002 etc.
623 1949 685 2001 rire.
696 1950 782 2002 Prima
792 1955 1062 2031 ¹sententiatinnostra
1073 1981 1131 2034 spe·

68 2027 575 2103 comparanturetcommittunturduo‚
625 2027 665 2080 cie
683 2027 734 2096 (ad
752 2028 822 2082 hanc
837 2031 913 2083 ⁴enirn
932 2035 1014 2088 solam
1031 2039 1131 2095 Plinius

68 2113 163 2182 quibu,
173 2108 267 2164 eadem
276 2111 352 2162 litera
359 2108 429 2162 exiit.
438 2107 489 2162 Sed
497 2118 578 2160 restat
624 2108 750 2178 respicit),
764 2120 803 2160 est
815 2110 972 2165 absolventis
983 2131 990 2166 :
1000 2134 1054 2186 qua
1062 2138 1133 2172 com·

69 2210 122 2243 una
136 2208 213 2253 sors,
232 2207 290 2261 quae
308 2206 398 2259 parem
414 2187 576 2249 nonhabet,
624 2187 750 2258 probata,
764 2200 856 2240 cetera
864 2227 872 2255 ,
888 2192 968 2245 altera
978 2195 1132 2269 relegentis,

71 2281 99 2321 ut
114 2269 178 2331 hic,
201 2268 224 2320 si
245 2266 366 2335 opdinem
388 2265 578 2318 elementorum
626 2277 710 2317 morte
718 2266 851 2320 multantis
861 2267 952 2334 altera,
962 2290 1016 2325 non
1024 2293 1134 2347 possunt

71 2348 152 2402 secuti
165 2358 253 2400 essent
271 2345 393 2417 praesides
412 2343 470 2397 ludi
479 2345 532 2408 ‚'E.
543 2374 579 2384 -
626 2363 680 2397 non
690 2346 792 2415 perimi.
804 2348 884 2403 Nulla
892 2350 972 2422 igitur
981 2352 1040 2420 hie,
1052 2377 1133 2430 quam

72 2428 120 2481 Cui
132 2428 191 2479 haee
205 2426 320 2478 solitaria
334 2424 408 2478 litera
418 2423 518 2487 evenit,
534 2414 579 2476 llic
628 2423 793 2479 adversarius
806 2440 898 2499 urget,
915 2430 1044 2506 tptdpric:
1057 2440 1133 2492 satis·

72 2505 170 2580 5923903
188 2518 245 2568 est,
265 2503 309 2558 hic
325 2507 392 2555 seder
409 2503 532 2566 interim,
554 2514 580 2555 et
627 2522 679 2574 que
692 2506 845 2571 commode,
860 2508 883 2562 si
896 2510 962 2583 quid
975 2514 1068 2581 video,
1080 2518 1135 2572 Pli-

73 2583 465 2657 exspectatvictooemafiquem‚
473 2583 580 2654 quicum
628 2582 687 2635 nius
701 2580 772 2638 ha'ne
784 2585 892 2640 alteram
904 2589 1078 2662 objectionem
1091 2617 1134 2652 re·
1183 2586 1185 2589 Ι

73 2664 182 2729 deinde,
196 2665 299 2734 integer
312 2681 373 2716 cum
383 2663 451 2715 fem
465 2663 581 2734 aliquan.
629 2661 704 2714 fellit-
720 2663 748 2715 S·

74 2755 146 2808 mm,
166 2743 213 2797 sed
227 2743 307 2805 forti,
321 2754 346 2794 et
360 2742 469 2795 victoria
483 2742 580 2807 alacri,
664 2746 765 2806 -Qua
778 2762 835 2812 ergo
848 2749 953 2800 rarione.
968 2751 1055 2806 Locus
1069 2756 1136 2810 forte

74 2822 254 2894 congreditur.
269 2823 330 2875 Non
343 2839 406 2874 usus
415 2832 454 2875 est
463 2821 582 2874 Luciano
629 2819 695 2871 inter
705 2819 874 2876 difficillimos
883 2825 976 2892 Plinii,
991 2841 1017 2882 et
1030 2831 1136 2889 destitu-

74 2903 181 2974 Lipsius
194 2903 247 2955 Sat.
260 2901 304 2963 Π,
320 2907 366 2965 14,
380 2919 459 2972 quem
472 2898 583 2952 laudant
629 2909 672 2950 tus
688 2898 722 2949 ab
739 2900 933 2972 interpretibus.
953 2908 980 2962 Si
997 2910 1059 2964 lieet
1074 2932 1136 2968 cum

75 2979 109 3032 ad
118 2981 234 3034 Plinium
243 2981 293 3033 viri
302 2979 388 3032 docti:
399 2980 497 3051 alioqui
507 2998 583 3032 accu-
630 2976 777 3031 Genevensi
795 2981 907 3036 editione
923 2986 1038 3041 Catanaei
1055 3011 1136 3064 nega-

75 3061 156 3112 mim
172 3057 418 3133 ⁸,Pdspwpputfflchi
431 3059 584 3130 intel-preta-
631 3057 748 3120 tionem,
776 3078 856 3130 quam
880 3063 939 3116 ide'o
963 3066 1135 3137 inclusimus,

76 3151 117 3191 tus
126 3151 213 3192 esset:
228 3157 308 3210 quem
318 3143 475 3190 subsessorem
484 3137 583 3210 potius,
632 3135 762 3202 omittere,
772 3138 893 3193 salvares
903 3143 967 3208 erit,
979 3145 1034 3200 haee
1042 3169 1137 3224 nempe

76 3236 156 3288 quam
170 3221 334 3279 subdititium,
349 3229 396 3270 aut
408 3221 584 3286 supposititium
632 3215 777 3268 sententia:
791 3217 932 3282 Quomodo
943 3239 1054 3295 possunt
1069 3243 1138 3286 stare

77 3297 229 3349 vocavimus
242 3297 270 3348 in
280 3309 370 3348 nom
384 3297 494 3349 Lucianj
505 3299 585 3350 inter.
632 3292 735 3345 interim
749 3299 884 3352 sententia
899 3316 982 3356 morte
998 3307 1138 3365 multantes

77 3375 586 3446 pretatione,qutequummaximeWet·
634 3385 659 3424 et
672 3376 797 3446 conjungi
815 3395 876 3429 cum
891 3382 1083 3454 relegentibus,
1104 3390 1140 3444 ad

78 3455 197 3507 stenima
207 3455 280 3525 prela
292 3465 402 3508 mmet,
415 3461 514 3506 Herm,
529 3475 586 3522 ,pp-
634 3452 794 3522 superandas
820 3458 1003 3528 absolventes,
1025 3486 1139 3537 quarum

75 3536 199 3600 posim,
211 3532 283 3604 apud
291 3532 404 3586 Mfffifl.
412 3533 450 3595 ν,
462 3552 476 3586 2
480 3536 494 3585 5
502 3571 510 3596 ‚
520 3533 586 3586 dici.
634 3530 722 3602 paullo
733 3545 809 3605 post,
823 3543 1019 3611 comparatione
1029 3566 1090 3600 cum
1100 3569 1140 3603 re·

78 3625 123 3664 tur
131 3626 254 3684 respectu
265 3611 365 3682 fatigati
377 3610 542 3683 gladiatoris,
557 3613 586 3664 in
635 3611 781 3680 legantibus
792 3615 874 3682 facta,
888 3620 977 3675 nullus
988 3623 1062 3693 locus
1075 3628 1140 3680 erit?

79 3694 155 3763 cujus
172 3693 263 3747 locum
279 3691 413 3746 succedit:
431 3691 479 3745 sed
489 3690 587 3765 ἔφεδρος
636 3690 1140 3770 curvaleantcontcaabsolventes,non

80 3770 590 3844 Graecorumtpstpstsr,ininsidiisquasi
637 3766 744 3822 valeant
758 3787 847 3828 contra
860 3779 1025 3849 relegantes?
1040 3786 1067 3838 Si
1082 3800 1142 3857 post

80 3851 226 3904 collocatus
235 3851 353 3905 immine,
363 3851 465 3905 victori·
479 3851 513 3902 G„
637 3864 692 3901 non
700 3851 804 3918 valent,
816 3874 901 3942 neque
912 3860 986 3929 prius
995 3860 1092 3917 debent
1100 3887 1143 3919 va·

120 3946 162 3981 as.
174 3933 260 3983 Prima
271 3934 398 3982 sententia.
412 3929 535 3982 Planiora
549 3948 589 3981 es·
637 3931 692 3985 lere
707 3950 714 3984 τ
734 3932 756 3984 si
774 3934 864 4005 prius,
882 3938 961 3991 etiam
977 3953 1046 4013 post.
1060 3943 1094 3996 G.
1108 3973 1143 3985 -

81 4018 142 4059 sent
152 4007 224 4072 haec,
237 4009 260 4062 si
271 4027 401 4081 ponamus
414 4009 495 4061 fuisse
507 4008 534 4060 in
544 4026 590 4062 ve·
638 4011 748 4083 Negatio
760 4022 822 4065 nata
831 4033 863 4066 ex
872 4019 1030 4090 compendio
1039 4041 1093 4075 non
1103 4022 1146 4074 in·

83 4085 135 4144 geri
144 4086 226 4156 libro,
235 4110 298 4152 sana,
309 4087 380 4143 unde
389 4092 438 4141 ima
446 4099 535 4142 ortum
544 4083 591 4155 stt,
641 4092 746 4146 tellecto
755 4090 873 4149 adverbii
883 4114 955 4150 nunc.
968 4103 1039 4161 Ntmc
1045 4115 1146 4169 postea,
