2654 4822
407 387 409 391 -
436 346 710 414 'EPISTOLA
735 348 785 417 Il.
1134 352 1155 422 3

82 471 212 549 laudes
233 461 352 563 ltaque
373 469 528 538 omnibus
546 469 698 563 quidem,
717 496 760 539 ne
778 473 854 564 quis
872 473 954 540 mihi
971 498 1040 541 non
1056 475 1156 544 dona
1174 491 1189 543 3

81 599 139 652 tus
152 570 276 685 abiret
295 595 425 704 partem
442 595 595 667 octavam
614 581 733 673 pretii,
748 606 816 676 quo
830 584 905 677 quis
920 601 1063 669 emerat,
1077 612 1154 654 con-

80 695 204 764 cessi.
192 668 388 761 ''deinde''
368 715 407 759 us
415 692 503 784 ,qui
526 690 745 785 amplissimas
767 719 912 762 summas
929 697 1155 787 emptionibus

80 774 349 900 occupaverant,
366 815 544 894 separatim
561 801 733 871 consului
748 805 1153 898 nametmemagisjuve-

79 931 179 1003 rant,
199 931 232 983 et
250 915 359 1007 majus
378 911 608 1006 ipsi'fecerant
625 912 798 981 damnum.
816 916 923 1008 Igitur
936 915 993 1002 iis,
1009 916 1067 1008 qui
1081 915 1154 1008 plu·
1174 922 1190 978 t

78 1028 145 1113 ris,
163 1051 266 1120 quam
281 1024 399 1093 decem
413 1021 562 1090 millibus
579 1037 745 1105 emerant,
759 1024 802 1090 ad
819 1023 907 1092 illam
925 1049 1154 1109 communem,

77 1152 114 1204 et
129 1139 224 1231 quasi
239 1134 408 1229 publicam
423 1147 590 1218 octavam,
604 1132 716 1201 addidi
731 1133 895 1201 decimam
912 1135 984 1226 ejus
1001 1159 1154 1217 summae,

76 1273 155 1341 quae
173 1245 288 1315 decem
307 1243 411 1312 millia
432 1258 626 1312 excesserat.
650 1247 797 1331 Vereor,
820 1269 863 1311 ne
879 1269 997 1338 parum
1019 1270 1150 1338 expres·
1173 1262 1187 1307 5
1228 1290 1234 1301 .

76 1360 200 1444 scrim;
223 1357 369 1448 apertius
398 1354 542 1423 calculos
570 1354 756 1423 ostendam.
778 1357 812 1423 Si
832 1357 888 1448 qui
912 1355 997 1423 forte
1016 1356 1153 1448 quinde-

75 1467 147 1534 cim
168 1463 314 1533 millibus
332 1479 501 1547 emerant,
520 1463 555 1531 hi
573 1479 607 1532 et
621 1465 811 1557 quindecim
824 1464 964 1533 millium
979 1481 1149 1553 octavam,

75 1589 112 1643 et
135 1576 285 1668 quinque
304 1573 447 1642 millium
471 1574 634 1641 decimam
657 1573 817 1644 tulerunt.
833 1579 958 1643 Praeter
974 1601 1027 1662 ea,
1045 1603 1150 1669 quum
1165 1586 1186 1663 ,6

49 1692 55 1697 ’
75 1700 273 1778 reputarem
282 1684 444 1778 quosdam
452 1710 492 1753 ex
501 1683 1152 1781 debitoaliquantum,quosdamaliquid,

76 1794 242 1888 quosdam
260 1794 569 1888 nihil'rcposuisse,
589 1819 801 1888 nequaquam
814 1820 929 1864 verum
946 1798 1150 1886 arbitrabar,

75 1932 163 2000 quos
178 1931 246 1974 non
259 1920 421 1999 aequasset
435 1905 517 1973 fides
531 1904 722 1991 solutionis,
741 1906 801 1973 hos
815 1906 1022 1999 benignitate
1036 1910 1150 1976 remis·
1239 1924 1244 1931 '

75 2018 184 2087 sionis
200 2018 335 2111 aequari.
353 2019 483 2084 Rursus
502 2034 582 2108 ergo
601 2016 659 2104 iis,
677 2016 734 2109 qui
754 2014 938 2101 solverant,
958 2016 1043 2107 ejus,
1059 2018 1150 2109 quod
1170 2023 1184 2074 7

75 2127 262 2210 solverant,
281 2126 444 2194 decimam
461 2127 591 2193 remisi:
612 2150 673 2219 per
691 2126 755 2193 hoc
772 2126 861 2192 enim
879 2127 1048 2218 aptissime
1066 2127 1149 2194 etin

74 2239 285 2334 praeteritum
304 2235 459 2329 singulis,
478 2261 540 2329 pro
558 2237 720 2329 cujusque
738 2237 872 2319 merito,
891 2237 998 2330 gratia
1017 2238 1150 2319 referri,

73 2363 110 2416 et
133 2349 169 2415 in
191 2348 344 2416 futurum
362 2370 477 2413 omnes
495 2371 621 2452 quum
620 2346 662 2414 ad
665 2345 880 2455 emendum,
898 2361 970 2414 tum
992 2349 1150 2417 etiamad

73 2458 275 2528 solvendum
296 2454 384 2524 allici
402 2433 621 2539 videbantuic)
629 2437 769 2560 Magup
762 2456 866 2531 milri
874 2481 938 2561 seq
942 2458 1043 2565 ratio
1061 2460 1183 2544 haec,8
1218 2444 1220 2448 .

73 2593 137 2636 seu
161 2566 302 2636 facilitas
328 2567 449 2634 stetit:
472 2565 530 2634 sed
547 2561 652 2637 suit
632 2568 739 2675 tp‘nti:
765 2590 844 2635 nam
850 2555 1003 2668 regione
1026 2583 1097 2638 tota
1115 2586 1149 2638 et

73 2681 209 2749 novitas
233 2678 437 2746 remissionis
464 2693 498 2745 et
519 2660 663 2746 forma?
655 2663 823 2783 laudatur.
849 2624 936 2779 Eriv'
928 2679 1008 2771 ipsis
1027 2681 1144 2764 etiam,

71 2792 164 2884 quos¹
180 2813 249 2857 ιιοιι
269 2813 353 2874 una,
374 2802 412 2855 ut
434 2786 576 2874 dicitur,
599 2787 771 2898 pertica,
752 2754 835 2856 ised
848 2760 1003 2883 dislincte
1026 2791 1146 2882 grada-

71 2901 205 2993 timque
219 2900 377 2985 tractavi,
387 2912 515 2992 quanto
529 2898 605 2992 quis
614 2880 743 2968 meliori
750 2874 933 2993 etproliior'
940 2952 949 2985 ,
960 2912 1054 2967 tanto
1064 2901 1148 2969 mihi

71 3094 198 3148 Ciceroni
206 3092 304 3146 Parad.
314 3092 360 3158 11,
374 3104 401 3145 et
410 3091 524 3145 derisam
535 3110 586 3162 pro
670 3094 696 3143 6.
705 3096 853 3158 deposuisse.
861 3090 984 3142 Solvisse.
993 3090 1104 3156 Seneca,
1115 3092 1149 3146 de

23 3228 28 3233 ,
70 3175 204 3238 Murena,
215 3193 240 3227 c.
251 3191 294 3242 ²9·
304 3171 362 3224 Hoc
371 3171 444 3238 vult,
457 3171 496 3222 Ex
505 3188 586 3240 parva
634 3171 725 3222 Benef.
735 3171 785 3232 IV,
795 3170 827 3222 32
842 3188 848 3221 :
861 3175 915 3238 Ego
930 3174 992 3236 quid
999 3175 1039 3221 cui
1047 3176 1148 3224 debeam

70 3273 101 3308 re
113 3267 187 3307 recte
200 3252 385 3305 adminismata
401 3269 475 3323 aeque
489 3267 585 3321 magna
633 3255 697 3310 scio,
714 3252 770 3300 aliis
782 3264 840 3316 post
850 3253 948 3316 longam
963 3253 1027 3300 diem
1040 3272 1146 3319 repono,

69 3334 131 3386 hus
142 3332 255 3387 debetur
268 3330 379 3385 auctori.
390 3328 425 3383 G.
634 3333 725 3382 alvum
734 3344 899 3389 antecessum,
911 3340 961 3381 etc
969 3329 997 3382 S
1005 3337 1147 3399 -Nequa-

107 3413 134 3465 3.
148 3414 251 3480 Nequr'a
264 3413 337 3470 mitt,
351 3421 402 3461 etc.
414 3408 547 3479 Expressit
560 3419 586 3460 et
635 3429 710 3478 quam
727 3429 821 3459 verram.
837 3408 894 3459 lam
915 3407 1121 3461 advocarunt
1098 3411 1146 3463 vrri

69 3491 116 3545 luc
124 3492 285 3564 Virgilium
296 3488 351 3542 vid.
364 3490 426 3540 AEn.
434 3488 472 3552 V,
486 3488 546 3543 305.
557 3487 584 3541 S.
635 3489 707 3541 doctr
719 3488 895 3541 Horatianum
907 3486 971 3539 illud
986 3491 1060 3558 epist
1075 3491 1089 3539 I
1099 3509 1146 3560 ,7‚

69 3572 226 3627 -Solenne
238 3580 278 3623 est
285 3567 424 3622 hocsensu
433 3571 517 3627 abire;
525 3584 587 3618 mox
636 3569 689 3620 ext.
699 3571 783 3618 Metiri
790 3588 815 3618 se
825 3586 944 3634 quemque
952 3587 996 3617 suo
1006 3572 1104 3619 modulo
1116 3589 1148 3619 ac

69 3647 584 3721 S8obligatimabiinsicetdiscedere.Eu.
631 3651 696 3715 pede
712 3667 798 3698 verum
817 3662 861 3698 est.
879 3646 985 3716 Reliqua
1006 3645 1101 3699 damus
1118 3648 1147 3699 in

65 3738 105 3769 ¹-
116 3734 310 3800 Oecupaverant.
326 3726 586 3798 e‘Oceupare'elegan·
634 3725 830 3779 Lexicis.G.-
839 3733 927 3777 Verum
941 3724 993 3777 dici
1004 3744 1110 3797 aequum
1121 3739 1148 3779 et

69 3818 110 3861 ter
119 3808 219 3863 dicitur
228 3807 262 3862 de
271 3808 401 3879 pecuma,
411 3825 470 3877 quae
480 3818 527 3859 sut
536 3806 585 3868 sub
631 3808 732 3880 justum
739 3806 814 3857 multi
822 3816 848 3858 et
856 3805 975 3858 hocloco
984 3818 1147 3859 monuerunt

69 3889 157 3941 usuris
169 3888 329 3952 collocatur,
343 3898 390 3938 aut
403 3904 452 3956 pro
463 3904 518 3958 qua
528 3904 584 3938 me·
633 3898 659 3938 et
675 3884 710 3937 ad
726 3885 790 3941 alios
806 3897 942 3949 auctores,
962 3895 992 3935 ut
1009 3886 1097 3939 Davis.
1111 3887 1146 3941 ad

69 3967 241 4033 tallifodinae‚
254 3966 329 4038 agri,
343 3977 394 4018 etc.
407 3978 542 4029 emuntur,
555 3975 585 4017 ut
634 3966 691 4019 Cic.
700 3964 783 4024 Acad.
796 3967 833 4029 II,
845 3964 967 4029 63Prisc.
978 3964 1080 4018 XVIII.
1092 3968 1143 4017 En.

69 4046 170 4118 aliquid
181 4045 248 4099 lucri
258 4058 284 4100 et
293 4045 394 4100 reditus
404 4045 578 4098 habeamus.»
670 4045 694 4096 8.
716 4047 813 4094 Persica
837 4042 945 4109 eadem,
964 4061 1022 4113 quaa
1041 4044 1146 4096 decem·

69 4126 145 4179 Clav.
159 4125 218 4183 Cic.
230 4125 258 4178 S.
633 4121 717 4196 peda,
731 4122 857 4175 metiendi
867 4122 1080 4175 instrumentum.
1091 4124 1143 4175 En.

956 4231 994 4274 1.
