2654 4822
223 425 267 466 22
503 403 542 469 C.
558 403 735 471 ‘PLINII
759 403 856 470 LIB.
883 403 995 469 VIII.

178 564 179 571 .
222 524 249 589 si
268 521 315 591 illi
336 522 461 592 nullam
478 526 600 609 vicem,
619 522 711 592 nulla
730 527 825 618 quasi
845 539 963 593 mutua
980 524 1090 592 officia
1109 523 1286 610 deberem,

221 629 404 700 solicitarer
419 647 531 701 tamen
544 633 596 701 vel
611 635 747 728 ingenio
763 634 908 701 hominis
923 633 1147 726 pulcherrimo
1163 646 1197 699 et
1211 657 1286 700 ma-

220 743 326 830 ximo,
353 757 386 818 et
409 743 443 810 in
469 769 597 812 summa
623 745 796 814 severitate
819 743 1022 829 dulcissimo,
1041 742 1091 811 vel
1109 744 1287 811 honestate

219 852 376 920 materIae.
396 854 519 922 Scribit
531 855 638 923 exitus
653 855 831 923 illustrium
842 857 1006 939 virorum,
1019 857 1055 921 in
1070 855 1109 944 iis
1121 867 1286 947 quorum-

187 959 297 1028 5dam
322 961 405 1029 mihi
430 964 688 1032 carissimorum.
707 964 835 1033 Videor
851 990 931 1060 ergo
947 964 1041 1058 fungi
1055 965 1112 1058 pio
1131 990 1287 1050 munere,

220 1095 431 1165 quorumque
455 1076 625 1167 exsequias
649 1073 815 1142 celebrare
833 1100 902 1142 non
920 1074 1032 1159 licuit,
1049 1074 1171 1142 horum
1190 1076 1287 1168 quasi

220 1179 417 1250 funebribus
440 1183 705 1272 laudationibus,
729 1186 810 1253 seris
824 1185 975 1278 quidem,
993 1183 1050 1253 sed
1066 1197 1161 1252 tanto
1180 1185 1287 1278 magis

220 1291 326 1375 veris,
346 1291 511 1361 interesse.
530 1294 622 1364 Vale.

257 1498 284 1555 4.
292 1495 381 1543 Exitus
390 1496 518 1544 illustrium
527 1497 646 1544 virorum.
653 1494 727 1558 Quos
810 1495 1088 1561 —Tantomagisuerie
1094 1491 1233 1557 Quiatunc
1237 1511 1288 1553 uec

220 1568 264 1622 ille
273 1581 303 1621 ut
311 1570 437 1636 coluerit,
447 1583 536 1624 narrat
542 1573 637 1631 Noster
649 1572 728 1624 etiam
776 1570 911 1635 adulatio,
921 1591 970 1624 nec
982 1569 1099 1622 studium
1107 1570 1223 1642 partium
1233 1569 1288 1624 lau·

221 1649 250 1712 I,
265 1668 308 1718 17,
321 1650 346 1703 3.
358 1649 392 1702 G.
777 1650 885 1703 dantem
894 1669 911 1702 a
923 1650 1031 1702 veritate
1044 1648 1169 1702 declinat.
1183 1650 1216 1701 E.

222 1863 1286 1891 ΜΜΜΜΜΜἏΜΜἉὊΜΜΜΜΜΜᾞΜΜ

682 2071 822 2156 XIII.

401 2312 525 2369 Felicem
540 2310 694 2389 praedicat,
710 2310 789 2387 quod
804 2309 890 2368 docto
904 2324 985 2389 patre
1001 2323 1108 2369 utatur.
1198 2319 1203 2330 ¹

453 2495 1055 2566 c.rn1n1usonn1n1.1*suo.

272 2696 424 2778 Pnoao,
442 2692 533 2788 quod
550 2692 679 2763 libellos
693 2717 784 2763 meos
800 2717 878 2763 cum
894 2708 989 2787 patre
1005 2691 1123 2786 legisti.
1139 2694 1287 2763 Pertinet

223 2803 266 2873 ad
283 2803 469 2898 profectum
486 2818 601 2890 tuum,
615 2829 635 2872 a
648 2804 866 2872 disertissimo
877 2803 950 2871 viro
962 2803 1104 2889 discere,
1118 2803 1200 2896 quid
1213 2802 1286 2872 lau-

223 2915 391 3003 dandum,
415 2914 498 3010 quid
521 2914 852 3008 reprehendendum3
880 2912 979 2984 simul
1004 2914 1050 2981 ita
1081 2913 1227 2999 institui,
1251 2929 1288 2981 ut

223 3051 340 3094 verum
358 3026 469 3094 dicere
488 3050 663 3094 assuescas,
681 3026 802 3112 Vides,
822 3050 923 3119 quem
935 3025 1043 3117 sequi,
1058 3023 1153 3115 cujus
1167 3022 1287 3090 debeas

190 3166 204 3198 α
225 3135 362 3229 implere
381 3135 529 3230 vestigia.
549 3139 581 3205 O
598 3149 631 3203 te
649 3132 799 3205 beatum!
816 3136 870 3203 cui
890 3133 1031 3225 contigit
1043 3133 1154 3199 vivum
1165 3186 1175 3218 ,
1188 3145 1288 3224 atque

224 3244 311 3313 idem
331 3247 496 3343 optimum
518 3261 550 3314 et
570 3242 879 3338 conjunctiSsimum
898 3242 1066 3336 exemplar
1087 3268 1095 3309 :
1117 3242 1175 3336 qui
1193 3241 1287 3309 deni-

257 3444 348 3496 x111.*
360 3447 465 3495 Geniali.
476 3442 673 3495 Adolescentuli
683 3442 731 3493 hu·
779 3443 895 3512 proxime
913 3442 994 3494 habet
1013 3440 1192 3512 adjectivum,
1211 3443 1289 3513 cujus

220 3529 264 3597 jus
272 3523 356 3577 multa
365 3523 394 3576 in
404 3523 446 3575 his
455 3522 585 3594 epistolis,
596 3531 689 3593 praeter
699 3519 728 3573 h.
779 3521 816 3574 ita
827 3521 864 3575 vis
876 3533 995 3591 augetur.
1009 3521 1058 3574 Hie
1069 3520 1188 3590 proxime
1200 3521 1289 3591 sequi·

222 3603 241 3655 l.
252 3603 351 3654 mentio
364 3602 403 3653 fit.
414 3602 466 3655 Eu.
779 3612 822 3652 tur
839 3615 913 3668 atque
933 3604 1003 3652 idem.
1024 3599 1108 3670 Igitur
1128 3599 1226 3669 siquis
1247 3616 1289 3649 me

259 3702 284 3734 2.
300 3685 395 3732 Vivum.
407 3718 413 3731 .
424 3685 570 3749 ammplam
580 3678 664 3734 Nimis
673 3679 731 3749 pul·
778 3691 855 3749 cogat
869 3679 984 3732 retinere
1002 3699 1091 3739 unum,
1111 3690 1181 3732 certe
1195 3679 1233 3731 ita
1249 3677 1289 3730 di-

222 3763 287 3814 cbra
302 3761 358 3813 haec
370 3761 497 3814 Gronovii
509 3759 675 3822 emendatio,
686 3778 729 3810 re·
778 3777 888 3829 sponam
912 3761 1010 3821 verba,
1032 3762 1072 3808 cui
1090 3762 1193 3827 conu'gr't
1216 3777 1292 3808 unum

223 3853 327 3910 ceptaa
345 3840 473 3904 Celluri0,
489 3858 569 3911 quam
585 3850 615 3891 ut
630 3857 730 3911 expun-
778 3841 1290 3906 optimum,atqueidemconjunctissinmm

222 3939 283 3992 gere
293 3939 368 3984 eam,
383 3931 408 3974 et
423 3937 549 3990 reponere
562 3937 623 3970 cum
640 3916 730 3971 Curtio
778 3921 911 3984 exemplar.
921 3915 972 3968 Sed
978 3928 1100 3986 praestat,
1113 3918 1164 3968 tria
1175 3916 1290 3987 epitheta

222 4000 288 4053 illud
309 3999 423 4052 dilutum
440 3999 518 4051 nimis
536 4018 610 4048 unum
622 3995 728 4068 possim.
776 3996 876 4048 habere
890 3995 942 4048 boc
957 3995 1101 4066 exemplar,
1114 4009 1143 4048 ut
1156 3998 1189 4049 sit
1201 3997 1240 4064 (a)
1252 3998 1291 4045 νὶ-

223 4079 333 4145 Quoties
351 4100 425 4130 uniam
439 4076 594 4131 intendendi
611 4076 666 4128 sive
681 4094 729 4127 au·
779 4096 847 4136 vum,
864 4074 983 4146 adeoque
993 4093 1106 4144 praesens
1114 4113 1122 4140 ‚
1133 4075 1239 4137 efficax,
1253 4074 1293 4141 (b)

224 4159 304 4229 gendi
323 4159 374 4214 vim
392 4159 486 4222 habet,
507 4156 661 4230 adjunctum
682 4153 729 4208 sibi
779 4159 909 4223 optimum,
931 4153 1004 4226 quod
1024 4155 1181 4209 imitandum
1202 4166 1288 4216 esset,
