2654 4822
436 328 700 398 EPISTOLA
726 328 793 397 VI.
1108 331 1150 400 13

80 457 234 527 tientiam
253 455 381 538 Caesar,
398 452 624 520 humilitatem
651 465 796 519 senatus.
819 452 892 520 Nec
910 451 1032 546 puduit
1052 455 1150 522 ratio·

79 591 159 635 uem
178 561 383 657 turpitudini
401 561 605 630 obtenderet
621 561 790 654 egregiam
804 560 939 655 quidem
957 562 1152 656 pulchram-

78 689 1151 770 queratronem,vrexemptorauuxnrlsrmeuronvmxusrv-

78 809 174 855 nrvm
191 807 438 852 nnvnxrtonts
455 806 578 852 curum
594 804 905 852 unovocxnanrvn.
923 786 971 851 Ea
985 785 1153 854 honorum
1173 792 1204 842 16

78 895 193 964 vilitas
210 909 298 975 erat,
315 892 449 960 illorum
459 893 583 988 etiam,
597 916 681 983 quos
699 890 806 960 Pallas
820 917 888 959 non
899 891 1153 986 dedignabatur.

78 987 346 1074 Inveniebantur
367 1017 480 1070 tamen
501 1001 642 1068 honesto
659 998 732 1069 loco
750 1001 837 1083 nati,
857 1002 914 1093 qui
929 1015 1080 1093 peterent
1098 1028 1154 1072 cu-

78 1131 285 1210 perentque,
310 1113 401 1207 quod
428 1112 500 1180 dari
525 1110 661 1193 liberto,
686 1112 837 1203 promitti
863 1113 964 1179 servis
985 1112 1152 1183 videbant.

79 1229 196 1315 Quam
219 1227 328 1319 juvat,
356 1222 446 1316 quod
472 1224 506 1289 in
534 1236 685 1314 tempora
705 1220 761 1287 illa
782 1245 852 1288 non
870 1220 989 1307 incidi,
1008 1248 1154 1316 quorum
1174 1251 1204 1298 17

79 1339 129 1406 sic
141 1361 212 1422 me,
226 1324 384 1429 tanquam
398 1333 462 1401 illis
469 1332 626 1414 vixerim,
642 1326 759 1423 pudet!
775 1332 851 1399 Non
864 1329 1155 1418 dubito,similiter

83 1446 176 1514 affici
198 1461 241 1514 te.
263 1445 355 1533 Scio,
380 1468 482 1538 quam
505 1442 548 1510 sit
570 1440 630 1509 tibi
652 1442 746 1507 vivus
766 1455 799 1507 et
821 1441 987 1534 ingenuus
1004 1445 1153 1512 animus:

81 1555 228 1648 ideoque
246 1553 375 1621 facilius
393 1568 458 1639 est,
475 1567 512 1620 ut
531 1576 599 1633 me,
613 1575 805 1643 quanquam
826 1550 1056 1644 indignatione
1077 1554 1155 1646 qui·

81 1665 227 1735 busdam
244 1666 277 1731 in
293 1663 374 1732 locis
388 1663 528 1732 fortasse
544 1661 630 1730 ultra
646 1659 792 1753 e'pistolae
809 1660 948 1728 modum
964 1663 1155 1750 extulerim,

79 1801 206 1870 parum
225 1775 386 1860 doluisse,
407 1800 507 1868 quam
528 1772 628 1840 nimis
647 1770 771 1839 credas.
791 1770 887 1839 Vale.

124 1973 164 2026 15.
176 1975 243 2039 Quid
250 1976 346 2033 dicam,
356 1975 447 2024 neseio.
458 1969 598 2039 Abrumpit
646 1967 796 2031 honorum,
810 1969 853 2022 vel
866 1986 933 2038 quos
946 1968 1044 2040 recepit
1055 1972 1155 2039 Pallas,

79 2046 231 2104 nratmnem
246 2050 429 2122 desperatione
442 2047 597 2103 inveniendi
647 2048 689 2100 vel
696 2067 763 2118 qnos
770 2047 883 2120 sprevit,
894 2061 923 2100 ut
931 2050 1011 2101 etiam
1021 2057 1092 2104 servis
1097 2075 1157 2121 pro·

82 2129 597 2202 nominaactionishujusindignitatem,
648 2132 784 2179 mittantur.
793 2128 848 2191 Qui
857 2128 928 2180 enim
937 2147 1027 2183 servus
1036 2133 1157 2195 est,lieri

83 2211 277 2282 stultitiamque
297 2209 475 2281 exprimentia.
494 2210 599 2260 Poterat
646 2207 756 2259 libertus
767 2218 869 2277 potest;
886 2219 912 2259 at
923 2205 1018 2260 liberto
1029 2209 1079 2262 ista
1092 2210 1157 2265 dan·

82 2292 153 2343 forte
164 2295 313 2342 dementiam
327 2308 439 2360 ponere,
459 2304 596 2356 stuporem,
647 2297 701 2349 tur,
713 2299 763 2339 etc.
778 2284 812 2337 G.

82 2373 223 2430 insaniam,
242 2371 286 2422 vel
303 2370 411 2431 Graeca,
428 2386 486 2439 quae
500 2369 599 2420 Casau·
686 2384 727 2434 17.
741 2367 813 2418 Viam
823 2368 978 2434 eriugenam.
993 2372 1063 2421 Viam
1073 2383 1111 2423 est
1120 2376 1159 2423 ui·

82 2449 173 2501 Mnus
194 2449 345 2519 suspicatus
365 2458 418 2510 est,
437 2447 598 2520 ἀῦελτηρὶαν,
649 2447 728 2505 vidus,
744 2464 814 2509 acer,
829 2445 875 2517 qui
886 2445 963 2498 facile
973 2462 1109 2502 moveatur
1120 2451 1158 2513 ad

84 2531 214 2582 ἀπόνοιαν.
227 2530 262 2583 G.
273 2529 444 2578 —Patientia
456 2528 508 2580 hoc
521 2545 599 2579 sensu
648 2524 871 2596 indignationem
886 2528 1014 2592 ingenuus,
1033 2530 1158 2601 simplex,
1246 2587 1249 2592 ,

85 2607 168 2658 etiam
177 2607 293 2659 occurrit
305 2608 369 2658 Pan.
380 2608 470 2666 XXII,
486 2624 511 2658 2.
523 2607 574 2658 En.
648 2605 693 2674 qui
712 2624 766 2657 uon
784 2605 930 2657 dissimulet
946 2605 1018 2658 illam
1036 2607 1158 2680 indigna·

126 2690 243 2751 16.·Quos
254 2690 340 2736 Pallas
351 2705 400 2735 non
411 2689 599 2753 dedignabatur.
649 2685 758 2736 tionem.
775 2685 827 2737 Pro
845 2687 913 2734 uivus
933 2683 1043 2755 quidam
1060 2687 1160 2742 hahent

85 2763 131 2816 Illi
139 2776 203 2816 sunt
211 2768 324 2836 majores
334 2764 460 2826 honores,
468 2783 535 2836 quos
545 2783 600 2815 non
648 2784 729 2824 verus,
741 2763 814 2835 quod
824 2775 850 2816 et
859 2763 1008 2835 ipsumhoc
1017 2770 1159 2823 convenire

85 2843 247 2914 dedignatur
253 2845 340 2896 Pallas
348 2882 355 2907 ,
364 2845 409 2915 qui
419 2856 520 2897 ceteros
530 2845 600 2897 fasti·
648 2854 729 2914 puto,
739 2856 769 2896 ut
780 2843 905 2916 significet
917 2863 1022 2895 severum
1033 2883 1041 2909 ,
1054 2858 1080 2898 et
1091 2850 1159 2903 serio

86 2922 163 2977 diose
182 2926 278 2995 rejicit.
299 2925 438 2978 vilescunt
461 2936 550 2977 autem
572 2925 601 2977 hi
650 2934 771 2995 agentem
789 2916 848 2995 quae
866 2924 930 2994 agit.
949 2922 984 2975 G.
1004 2955 1040 2964 -
1060 2932 1092 2978 Ur
1107 2949 1157 2990 me,

85 3022 195 3075 quoque
204 3005 245 3056 vel
256 3024 287 3058 ea
295 3003 350 3074 ipsa
360 3024 405 3068 re,
416 3004 489 3076 quod
501 3004 600 3058 cadunt
650 3024 802 3071 quanquam.
820 3002 891 3055 lllud
903 3023 941 3054 me
950 3004 1037 3075 primo
1046 3007 1160 3082 refertur

85 3083 115 3134 in
126 3083 441 3154 mancipium.Mediceus
451 3083 540 3136 Codex
551 3085 599 3149 ita,
651 3083 685 3136 ad
698 3087 840 3147 extulerim,
856 3103 1000 3150 quanquam
1016 3103 1054 3133 me
1069 3090 1137 3137 extuI
1148 3119 1159 3128 -

86 3173 119 3213 ut
127 3166 181 3234 jam
192 3163 365 3215 Casaubonus
375 3165 532 3234 conjecerat,
541 3185 601 3231 quos
650 3166 711 3222 rim;
733 3161 830 3214 deinde
849 3160 883 3214 ad
900 3165 998 3223 credas,
1018 3168 1104 3216 credas
1122 3187 1160 3218 me

87 3246 176 3292 Pallas
183 3261 232 3292 non
239 3261 265 3292 se
272 3246 502 3314 dignabatur:quae
510 3255 602 3313 arguta
645 3262 738 3309 parum
749 3245 860 3292 doluisse.
872 3243 973 3311 Nempe
987 3240 1107 3298 dedimus
1121 3246 1159 3299 le·

88 3319 602 3391 saneestsententia.Nempealiidrgnan·
650 3322 764 3374 ctionem
786 3321 1026 3392 manuscriptorum
1046 3341 1053 3374 :
1080 3326 1160 3397 vulgo

89 3416 131 3450 tur
139 3420 166 3450 se
179 3403 285 3458 honore,
300 3398 327 3451 id
338 3411 391 3461 est,
406 3399 501 3470 dignos
515 3420 542 3453 se
555 3401 601 3454 illo
650 3399 715 3453 illud
726 3413 811 3453 totum
822 3420 985 3468 quanquam..
994 3443 1014 3454 ..
1032 3408 1161 3456 exciderim

89 3477 602 3551 putant.AtfastidiosusPallaslronorem
650 3481 801 3551 parenthesi
810 3478 950 3532 includunt
957 3492 1000 3544 ,et
1009 3485 1159 3551 indignatio·

89 3556 126 3609 de
131 3557 253 3628 pluribus
263 3576 348 3609 unum
357 3562 474 3626 dignatur
481 3580 515 3621 se,
526 3579 603 3612 orna·
651 3581 706 3611 nem
719 3561 809 3632 legunt
823 3578 873 3631 pro
888 3563 1066 3628 indignatione.
1079 3564 1161 3618 Crete-

88 3651 178 3690 menta
187 3637 308 3711 pretoria
319 3635 397 3706 digna
408 3649 496 3703 putat,
507 3639 604 3710 quibus
651 3659 711 3693 rum
721 3638 754 3692 de
765 3638 863 3710 duplici
874 3638 918 3691 illa
926 3641 998 3693 verbi
1009 3641 1161 3698 uuiusrela·

90 3715 604 3788 aliquidaresplendetisaccedat.lllud
651 3721 723 3772 tione
739 3718 794 3774 rid.
812 3736 879 3790 quos
894 3719 985 3771 laudat
1001 3722 1107 3775 Curtius
1126 3723 1160 3775 ad

90 3798 189 3851 centies
214 3811 240 3850 et
259 3797 435 3868 quinquagies
456 3800 604 3852 sestertium
651 3799 738 3853 Nostri
750 3799 802 3864 111,
818 3817 843 3867 7,
858 3806 884 3862 4.
897 3799 1026 3863 Quadam
1039 3819 1161 3875 nosqua-

90 3896 140 3926 non
156 3881 278 3945 drgnatur
291 3896 329 3936 se,
348 3876 418 3929 inira
434 3896 461 3929 se
477 3897 604 3950 suamque
652 3878 753 3950 quead
763 3878 882 3930 Varnll.
899 3880 1031 3946 R.H,1',
1048 3889 1080 3946 4,
1096 3884 1160 3934 etin

89 3954 247 4027 dignitatem
258 3955 379 4009 collocat.
388 3956 518 4008 Caeterum
528 3976 559 4010 ea
568 3959 605 4010 vi·
652 3961 715 4011 Lex.
724 3961 797 4010 Rust.
810 3957 859 4008 sub
868 3956 953 4010 verbis
965 3963 1063 4025 Duplex
1076 3973 1101 4011 et
1115 3966 1155 4020 Ur,

90 4033 150 4088 litas
158 4034 211 4087 hoc
221 4034 450 4090 senatusconsulto
457 4035 605 4091 ostenditur
654 4036 716 4090 add.
729 4036 879 4097 monvill,
894 4054 940 4098 ro,
957 4056 981 4088 α.
996 4036 1029 4088 G.
