2654 4822
201 370 246 440 38
486 373 525 438 C.
553 372 726 440 PLINII
752 371 849 436 LIB.
870 370 979 437 VIII.

200 507 268 580 tas3
293 494 350 586 qui
378 516 519 560 numero
546 491 669 559 civium
694 490 832 574 excidit,
848 515 948 583 quem
970 489 1098 559 socium
1117 493 1220 560 etiam
1239 495 1275 563 in

200 602 313 671 liberis
329 602 466 688 babuit3
483 599 625 669 felicitas
637 601 777 687 horum,
796 599 918 692 quibus
933 601 1090 669 successit
1107 602 1142 669 in
1162 602 1274 672 locum

166 731 182 782 7
200 716 325 806 patris,
347 713 406 805 qui
424 725 553 804 patrem
573 710 766 779 abstulerat.
787 710 853 778 Sed
867 709 938 778 haec
956 736 1091 804 quoque
1107 712 1276 783 hereditas

200 821 292 909 Afri,
313 838 350 891 ut
370 822 498 917 reliqua
515 846 591 890 curn
610 821 713 889 fratre
732 821 888 914 quaesita,
904 821 1161 891 transmittenda
1180 840 1276 909 erant

201 934 276 1001 filiae
297 934 430 1019 fratris,
448 959 467 1001 a
490 958 557 1026 quo
577 932 695 1001 Tullus
714 957 755 1000 cx
775 956 847 999 asse
864 931 961 1000 heres
983 932 1175 1021 institutUS,
1193 959 1276 1027 prae·

111 1124 112 1129 γ
200 1043 353 1136 latusque
380 1042 456 1111 filiae
481 1042 611 1128 fuerat,
637 1056 675 1110 ut
699 1040 944 1111 conciliaretur.
968 1044 1046 1131 Quo
1074 1042 1276 1113 laudabilius

201 1169 440 1223 testamentum
458 1168 527 1239 est,
546 1152 637 1247 quod
654 1154 776 1247 pietas,
795 1152 896 1238 fides,
914 1152 1042 1246 pudor,
1061 1157 1221 1249 scripsit:
1240 1157 1275 1223 in

201 1289 269 1356 quo
287 1264 431 1357 denique
448 1265 606 1333 omnibus
620 1262 869 1349 adfinitatibus,
883 1288 946 1356 pro
963 1265 1125 1357 cujusque
1143 1264 1275 1351 officio,

168 1383 184 1435 8
203 1375 310 1468 gratia
334 1373 439 1443 relata
464 1390 531 1460 cst;
552 1372 656 1441 relata
677 1388 712 1441 et
739 1375 846 1441 uxori.
869 1374 1008 1467 Accepit
1034 1375 1276 1443 amoenissimas

201 1485 314 1572 villas,
330 1488 459 1580 accepit
471 1510 627 1578 magnam
649 1487 825 1578 pecuniam
845 1509 930 1552 uxor
950 1486 1077 1578 optima
1094 1499 1127 1552 et
1146 1487 1277 1578 patien-

202 1597 329 1664 tissima
354 1622 362 1665 ε
386 1621 424 1664 ac
447 1610 541 1664 tanto
565 1594 683 1663 melius
704 1595 745 1663 dc
768 1597 840 1663 viro
865 1596 1003 1682 merita,
1021 1609 1148 1689 quanto
1170 1597 1277 1689 magis

203 1721 252 1773 est
268 1707 489 1799 reprehensa,
508 1705 598 1798 quod
614 1706 736 1800 nupsit.
750 1708 839 1774 Nam
853 1706 974 1774 mulier
989 1706 1157 1775 natalibus
1170 1705 1276 1794 clara,

203 1817 353 1885 moribus
376 1816 501 1909 proba,
524 1831 620 1884 aetate
646 1814 800 1904 declivis,
822 1817 880 1885 diu
905 1816 1023 1903 vidua,
1046 1832 1154 1888 mater
1177 1816 1280 1905 olim,

202 1952 324 2020 parurn
339 1925 458 1994 decore
473 1943 614 2021 sequuta
630 1929 884 2019 matrimonium
899 1927 1076 1996 videbatur
1094 1928 1206 1998 divitis
1226 1954 1277 1998 sc·

203 2039 273 2123 nis,
294 2037 341 2104 ita
358 2037 480 2131 perditi
499 2039 634 2123 morbo,
653 2053 691 2106 ut
706 2060 775 2106 esse
796 2036 894 2106 taedio
913 2052 1025 2131 posset
1043 2038 1157 2123 uxori,
1175 2063 1277 2131 quarn

169 2164 185 2214 9
201 2147 332 2240 juvenis
351 2172 516 2240 sanusque
535 2147 691 2216 duxisset.
713 2149 849 2242 Quippe
867 2148 1024 2216 omnihus
1041 2147 1201 2217 membris
1218 2174 1277 2216 ex-

204 2271 313 2324 tortus
327 2271 360 2322 ct
375 2255 499 2324 fractus
516 2271 625 2325 tantas
646 2283 725 2350 opes
744 2257 821 2325 solis
836 2256 940 2326 oculis
957 2259 1097 2326 obibat:
1118 2285 1157 2328 ac
1176 2285 1219 2327 ne
1241 2260 1277 2326 in

203 2364 327 2435 lectulo
342 2365 494 2458 quidem,
510 2369 575 2436 nisi
594 2369 636 2435 ab
654 2367 743 2453 aliIs,
758 2370 966 2437 movebatur.
985 2370 1078 2457 Quin
1092 2371 1194 2438 etiam
1208 2368 1281 2465 (foe-

204 2476 284 2543 dum
301 2477 594 2570 miserandumque
609 2476 715 2570 dictu)
733 2477 849 2546 dentes
865 2477 1023 2547 lavandos
1042 2477 1278 2573 fricandosque

204 2586 382 2680 praebebat.
400 2586 562 2657 Auditum
582 2604 632 2657 est
649 2590 840 2682 frequenter
859 2589 900 2656 ab
920 2589 1012 2680 ipso,
1028 2612 1133 2680 quum
1152 2613 1277 2682 quere-

204 2712 298 2766 retur
314 2697 354 2764 de
375 2698 588 2767 contumeliis
609 2698 790 2767 debilitatis
811 2723 896 2783 suae,
910 2723 947 2765 se
960 2696 1090 2789 digitos
1102 2721 1277 2766 servorum

155 2829 188 2863 10
204 2831 344 2875 sitorum
364 2809 516 2898 quotidie
534 2811 672 2902 lingere.
687 2810 829 2879 Vivebat
848 2823 977 2893 tamen,
998 2821 1031 2873 et
1052 2807 1163 2874 vivere
1183 2806 1275 2875 volc-

204 2918 276 3001 bat,
291 2931 497 2986 sustentante
512 2920 655 2987 maxime
668 2944 791 3006 uxore;
808 2944 882 3013 quae
897 2916 1030 3011 culpam
1045 2916 1192 2984 inchoati
1208 2941 1277 2986 ma-

181 3150 183 3154 >
205 3131 230 3170 et
249 3118 376 3171 ditescere
393 3120 520 3189 cupiens,
541 3121 590 3172 sub
607 3120 715 3174 Tiberio
765 3133 804 3173 tra
829 3119 932 3172 dicente
952 3118 1078 3184 haberet3
1105 3130 1131 3170 et
1153 3132 1276 3187 curaret,

203 3197 294 3266 plures
310 3200 452 3252 accusavit.
465 3200 538 3251 Obiit
552 3203 601 3253 sub
609 3202 715 3256 Nerone
763 3219 847 3271 quum
863 3200 959 3250 liberos
977 3217 1008 3249 ex
1023 3209 1140 3251 senatos
1156 3217 1213 3250 non
1229 3200 1277 3251 ha·

205 3294 268 3326 aun.
279 3277 343 3328 chr:
356 3281 399 3329 60.
413 3279 465 3330 En.
762 3280 853 3341 beret,
872 3289 902 3328 ut
921 3292 991 3330 certe
1004 3289 1062 3347 post
1074 3289 1186 3330 mortem
1200 3297 1277 3331 suam

240 3359 266 3406 6.
289 3359 385 3405 Socimn
404 3361 429 3406 iu
449 3361 537 3409 liberis.
558 3359 640 3428 Cujus
660 3360 715 3428 ipse
763 3358 860 3411 rediret
874 3357 908 3409 ad
922 3357 995 3409 illum
1010 3358 1152 3410 hereditas.
1168 3357 1203 3409 G.

205 3433 446 3504 fillosadoptasset‚
458 3440 509 3504 ut§
521 3440 649 3507 2‚filiam,
659 3458 715 3504 quae
802 3456 843 3489 10.
855 3442 889 3487 Et
895 3441 976 3487 vivere
985 3442 1093 3488 volebat.
1104 3439 1165 3489 Non
1176 3448 1278 3507 praetu·

205 3516 243 3563 itti
255 3518 396 3582 cumfratre
406 3519 546 3576 communis.
561 3515 595 3567 G.
763 3517 792 3568 lit
809 3520 1019 3589 ἀποκαρτέρησιν,
1042 3514 1115 3587 quod
1133 3515 1277 3568 honestum

241 3612 267 3661 7.
290 3600 322 3644 Ut
338 3598 518 3646 conciliaretur.
532 3595 569 3645 Ut
586 3594 644 3646 fitiae
662 3613 715 3647 suae
762 3614 859 3648 nomen
871 3596 983 3666 quesitae
996 3613 1044 3667 per
1055 3593 1173 3647 inediam
1184 3595 1278 3647 mortis

204 3673 348 3744 propitium
361 3672 483 3725 redderet
497 3674 604 3727 fratrem
619 3693 695 3726 suurn
705 3715 713 3742 ,
763 3674 858 3740 abiis,
878 3675 925 3746 qui
943 3673 1047 3726 dolores
1062 3675 1219 3726 morborum
1233 3674 1278 3727 vel

205 3771 221 3804 a
235 3772 289 3822 quo
305 3752 343 3802 illi
354 3752 453 3804 insidiae
463 3752 610 3805 metuendae
623 3767 713 3818 erant,
763 3755 907 3808 curationis
914 3754 1029 3823 perferre
1037 3753 1147 3806 nollent.
1153 3752 1279 3824 His,quae

206 3833 228 3885 si
240 3833 295 3902 ipsa
306 3832 383 3884 heres
392 3843 459 3884 esset
466 3852 474 3898 ;
489 3832 565 3884 illum
575 3834 661 3904 ipsum
670 3834 715 3887 be·
763 3833 798 3886 ad
808 3833 919 3898 Quintil.
931 3834 1016 3895 VIII,
1033 3832 1064 3896 5,
1081 3833 1130 3896 23,
1145 3831 1277 3897 dicimus,

205 3913 295 3966 redem
305 3913 435 3983 praeterita
446 3911 501 3963 fitia
509 3913 633 3977 instituit,
644 3919 715 3966 futu·
764 3912 826 3965 add.
837 3913 948 3966 Tertull.
962 3912 1040 3984 Apol.
1053 3931 1111 3982 cap.
1124 3914 1168 3975 46.
1176 3913 1277 3965 Notum

206 4012 266 4046 rum
286 3992 441 4054 arbitratus,
463 3990 536 4063 quod
555 3991 665 4056 accidit,
685 4005 715 4044 ut
762 3992 895 4064 inprimis
913 3993 1061 4062 exemplum
1080 3991 1160 4043 Attici
1176 3990 1277 4044 Corne-

206 4092 256 4125 nec
266 4073 341 4126 vivus
350 4070 520 4123 insidiaretur
530 4090 581 4123 suae
592 4091 622 4123 ex
633 4072 714 4125 fratre
761 4073 826 4126 liani
836 4091 842 4125 :
854 4086 880 4126 et
888 4070 1061 4126 corelliittufi
1070 4069 1144 4142 apud
1153 4081 1277 4123 nostrum

206 4152 295 4225 nepti,
308 4152 383 4224 cujus
391 4154 448 4226 jam
457 4153 527 4207 bona
538 4152 643 4207 nemine
652 4171 714 4206 con·
762 4155 789 4221 1,
805 4174 830 4208 π.
851 4155 920 4210 Cum
933 4153 1077 4208 Maecenate
1084 4150 1193 4205 Tullum
1207 4152 1278 4206 bene
