2654 4822
374 338 645 412 EPISTOLA
669 340 824 410 XXIII.

1086 344 1131 436 lo

64 491 193 561 semper
217 464 266 532 ita
288 463 484 550 recedebat,
504 477 544 531 ut
571 462 691 531 melior
714 462 839 549 factus,
860 477 895 530 et
926 477 998 530 erat
1027 464 1133 533 factus

64 577 113 647 rel
129 603 190 659 eo,
208 575 301 671 quod
319 575 548 663 audierat,vel
564 574 656 669 quod
673 576 813 642 omnino
830 574 1016 668 quaesierat.
1031 576 1133 662 Quod
1153 586 1168 639 5

64 687 116 758 ille
128 688 331 781 obsequium
340 687 501 754 Serviano
509 738 519 771 ,
527 685 739 755 exactissimo
752 685 839 770 viro,
851 680 1022 777 praestitit!
1033 709 1134 777 quem

63 794 209 893 legatum
225 796 383 865 tribunus
394 795 441 864 ita
452 810 486 861 et
497 793 718 881 intellexit,et
734 795 838 888 cepit,
851 807 888 861 ut
900 819 940 862 cx
952 795 1134 864 Germania

64 908 322 978 inPannoniam
339 918 585 989 transeuntem,
605 930 673 972 non
690 919 727 972 ut
739 902 941 991 commilito,
956 903 1013 971 sed
1031 918 1068 971 ut
1079 929 1133 973 co·

63 1042 130 1087 mes
144 1031 393 1109 assectatorque
411 1029 615 1108 sequeretur.
636 1015 713 1101 Qua
732 1013 913 1097 industria,
934 1038 1000 1106 qua
1016 1014 1135 1089 mode-

63 1127 122 1195 stia
136 1141 288 1220 quaestor
305 1123 498 1194 consulibus
517 1125 584 1192 suis
597 1123 645 1218 (ct
660 1123 771 1217 plures
785 1121 919 1217 habuit)
935 1147 1006 1191 non
1024 1125 1134 1193 minus

59 1237 226 1329 jucundus
250 1249 283 1304 et
310 1249 440 1331 gratus,
458 1259 559 1327 quam
580 1236 656 1302 usui
677 1231 756 1302 fuit!
779 1235 859 1321 Quo
879 1233 1047 1319 discursu,
1066 1261 1133 1329 qua
1234 1229 1238 1239 ’

60 1344 254 1439 vigilantia,
281 1346 367 1414 hanc
393 1346 500 1438 ipsam
528 1343 737 1425 aedilitatem,
766 1344 820 1411 cui
847 1358 1030 1437 praereptus
1059 1360 1128 1427 est,

60 1453 171 1549 petiit!
184 1455 289 1543 Quod
302 1454 353 1523 vel
369 1457 513 1523 maxime
527 1452 675 1522 dolorem
690 1478 801 1521 meum
818 1453 995 1522 exulcerat.
1009 1457 1134 1524 Obve‘r·
1151 1474 1167 1523 6

59 1581 178 1635 santur
197 1565 304 1634 oculis
325 1567 405 1634 cassi
424 1565 572 1648 labores,
590 1579 624 1633 et
642 1563 856 1632 infructuosae
874 1590 1008 1657 preces,
1022 1580 1056 1634 et
1069 1566 1131 1634 ho-

59 1701 123 1744 nor
136 1701 239 1770 quem
255 1677 377 1744 meruit
396 1689 538 1743 tantum.
555 1674 655 1742 Redit
669 1676 782 1742 animo
798 1673 852 1743 ille
869 1673 956 1743 latus
971 1675 1083 1745 clavus
1096 1677 1131 1744 in
1164 1760 1168 1767 Ι

58 1785 239 1880 penatibus
254 1787 337 1854 meis
358 1799 534 1879 sumptus3
556 1783 699 1853 redeunt
718 1783 774 1853 illa
794 1786 917 1878 prima,
932 1787 987 1855 illa
1007 1802 1131 1881 postre-

59 1919 114 1964 ma
132 1894 295 1990 suffragia
317 1880 411 1984 mea,
432 1893 479 1963 illi
497 1919 685 1983 sermones,
704 1894 768 1963 illae
783 1894 1055 1966 consultationes.
1071 1899 1131 1967 At·
1151 1952 1166 2002 7

59 2005 156 2074 ficior
181 2005 404 2074 adolescentia
429 2007 551 2100 ipsius,
574 2005 704 2074 allicior
727 2005 1011 2074 necessitudinum
1040 2033 1130 2075 casu.

59 2119 141 2184 Erat
163 2115 211 2184 illi
228 2116 363 2210 grandis
381 2132 464 2185 natu
482 2141 622 2210 parens3
642 2132 715 2184 erat
732 2141 834 2200 uxor,
851 2141 951 2210 quarn
971 2131 1049 2185 ante
1070 2142 1132 2185 an-

59 2252 141 2295 num
167 2228 332 2322 virginem
356 2243 552 2321 acceperat3
579 2243 651 2295 erat
677 2227 762 2312 filia,
785 2251 885 2320 quam
915 2224 1028 2320 paullo
1053 2243 1131 2295 ante

59 2336 252 2431 sustulerpt.
263 2342 328 2406 Tot
346 2364 439 2432 spes,
455 2353 506 2406 tot
521 2337 643 2431 gaudia
658 2337 728 2405 dies
742 2363 830 2406 unus
848 2338 883 2405 in
903 2337 1031 2405 diversa
1049 2363 1132 2406 con-

58 2452 168 2520 vertit.
193 2451 299 2520 Modo
327 2451 520 2545 designatus
545 2451 668 2537 aedilis,
689 2477 803 2521 recens
833 2452 990 2538 maritus,
1016 2477 1166 2538 recensg

58 2576 173 2655 pater,
190 2562 355 2630 intactum
378 2562 560 2648 honorem,
581 2563 698 2630 orbam
719 2562 1028 2645 matrem,viduam
1051 2589 1132 2631 uxo-

58 2695 150 2759 rem,
176 2670 279 2738 liliam
300 2671 482 2765 pupillam,
506 2673 725 2765 ignaramque
748 2673 869 2766 patris,
894 2670 1041 2765 reliquit.
1066 2677 1131 2743 Ac-

93 2845 121 2899 ⁵.
132 2847 173 2898 De
182 2849 297 2899 Serviano
307 2845 364 2899 vid.
379 2846 413 2900 ad
426 2847 478 2910 III,
492 2848 568 2918 epist.

60 2944 102 2995 17.
115 2925 168 2977 Eu.
178 2954 215 2966 -
223 2929 397 2976 Exaerr'ssimo.
416 2926 570 2996 Diligentis-

58 3006 141 3067 simo‚
159 3005 376 3068 accuratissimo,
392 3003 510 3076 adeoque
526 3025 570 3057 su·

58 3086 199 3146 bmoroso,
211 3083 255 3134 cui
266 3103 320 3135 non
336 3084 413 3136 facile
426 3097 491 3136 esset
507 3103 571 3156 pro·

57 3163 126 3215 bari.
138 3158 202 3227 Quo
213 3163 296 3232 magis
306 3160 457 3215 laudandus
465 3163 569 3228 Avitus,

58 3239 132 3313 quod
141 3241 190 3293 tali
201 3239 261 3293 viro
271 3241 323 3293 tale
333 3242 491 3311 obsequium
505 3259 571 3312 prae-

58 3321 133 3373 aurit,
153 3319 267 3373 Fallitur
282 3319 429 3390 Gierigius‚
446 3338 571 3378 consum·

57 3399 235 3453 notissimum
253 3398 437 3469 interpretans.
454 3400 482 3453 S.
493 3405 573 3450 -Er

58 3481 229 3537 inultam
237 3481 308 3544 cepit.
319 3477 451 3530 Posterius
459 3480 572 3531 verbum

56 3556 214 3610 itaomuiuo
220 3556 446 3627 interpretandum
454 3557 570 3624 videtur,

56 3648 87 3688 ut
98 3635 202 3708 aliquid
212 3655 228 3688 a
237 3637 325 3707 priore
340 3635 474 3691 diversum
487 3638 580 3709 signi--

56 3714 135 3780 ficet,
144 3715 198 3767 hoc
207 3734 318 3785 nempe,
328 3715 444 3769 devinxit
457 3717 505 3768 sibi
520 3718 571 3769 hu·

57 3795 185 3848 munitate
195 3813 243 3849 sna
252 3795 424 3860 Servianum,
435 3809 464 3849 ut
474 3797 571 3850 Corne·

56 3872 147 3931 liunus.
152 3873 305 3931 Alcibiades
313 3874 516 3929 Pharnabazum
525 3897 571 3929 sua

57 3957 123 4021 cepit
139 3957 294 4007 humandate
306 3955 378 4022 VII,
397 3973 425 4024 9,
443 3955 469 4008 3.
491 3957 524 4009 G.
536 3987 571 3997 -

57 4031 132 4085 Add.
143 4032 255 4087 Gesneri
271 4032 306 4087 ad
315 4035 339 4086 J.
351 4036 384 4087 A.
394 4036 498 4090 Ernest.
514 4038 572 4109 epi·

58 4113 179 4170 stola-
188 4114 293 4186 Nempe
306 4117 439 4186 intelligere
454 4116 572 4189 aliquem

620 2859 673 2908 est,
690 2848 748 2920 ejus
760 2867 860 2910 mores,
872 2848 983 2902 allectus
993 2886 1000 2911 ,
1011 2848 1098 2901 studia
1108 2863 1134 2902 et

619 2928 783 2980 voluntatem
800 2946 892 2990 nosse,
910 2928 994 2998 iisque
1011 2929 1090 2980 rebus
1106 2949 1134 2981 se

619 3007 647 3058 in
656 3004 760 3076 agendo
767 3005 913 3059 e'tdicendo
921 3006 1131 3061 accommodare.

619 3085 678 3137 Hoc
690 3086 737 3156 qui
745 3097 844 3156 potest,
856 3087 878 3138 is
890 3087 1001 3137 alterum
1010 3105 1132 3140 necessa·

620 3165 660 3216 rio
666 3168 748 3231 capit,
757 3184 817 3216 eum
825 3165 875 3216 sihi
882 3164 999 3217 devincit
1007 3203 1015 3228 ,
1023 3165 1047 3218 ei
1056 3185 1133 3220 carus

620 3257 668 3296 est.
676 3245 709 3295 E.
717 3244 911 3296 —Formulam
920 3248 1029 3298 dolorem
1039 3253 1134 3300 eculeo·

620 3323 1133 3398 ratillustravitGieradI,Ep.rr,1.En.

649 3422 674 3473 7.
682 3406 894 3455 Necessitudinum
901 3424 968 3456 casu.
977 3407 1133 3461 Calamitate

620 3495 645 3534 et
651 3482 743 3534 dolore
754 3502 825 3554 ,quo
834 3483 889 3555 ejus
898 3486 1038 3539 necessarii
1048 3524 1055 3549 ‚
1066 3505 1133 3558 quos

619 3581 681 3614 mox
693 3562 828 3626 nominat,
844 3576 919 3634 pater
932 3565 1024 3637 [immo
1037 3580 1131 3620 mater.

618 3642 672 3712 S.],
690 3661 771 3707 uxor,
786 3643 857 3711 filia,
876 3643 974 3698 adfecti
993 3645 1129 3718 [adfectae]

619 3732 690 3773 sunt.
700 3720 732 3773 E.

653 3831 690 3841 —
699 3807 779 3853 Uror.
792 3841 796 3852 .
808 3819 956 3871 acceperat.
967 3803 1032 3871 Vid,
1045 3803 1075 3871 I,
1088 3807 1130 3869 16,

620 3882 646 3933 6.
664 3880 748 3934 Graeci
764 3901 818 3935 uno
834 3884 939 3937 verbo:
956 3882 1064 3958 acupedln
1079 3886 1132 3938 ἅλα·

618 3983 670 4030 χος.
681 3959 710 4012 S.

656 4040 681 4092 8.
706 4046 873 4108 Ignaramque
896 4045 984 4109 patris.
1008 4043 1132 4094 luserunt

621 4118 667 4171 alii
677 4130 702 4171 et
713 4118 771 4190 ipse
786 4119 922 4173 Mediceus
937 4121 1004 4178 liber
1017 4124 1132 4179 imarum
