2654 4822
209 330 252 402 52
528 337 566 403 C.
591 337 760 406 PLINII
785 339 881 405 LIB.
909 339 975 404 IX.
1004 360 1007 368 ’

207 467 326 537 differ:
340 469 405 538 hoc
424 469 565 563 perfice,
585 471 676 565 quod
696 472 811 557 nobis,
830 472 888 566 qui
906 471 1046 564 legimus
1062 470 1160 558 olim,
1177 471 1276 539 abso-

207 578 315 648 lutum
331 578 475 649 videtur.
495 580 561 649 Sed
572 581 644 676 jam
661 580 816 651 videatur
834 596 868 649 et
881 581 964 667 tihi;
979 580 1075 674 cujus
1086 580 1277 649 cunctatio·

207 713 286 758 nem
304 713 443 760 nec'res
467 691 539 783 ipsa
558 689 741 778 desiderat,
758 705 793 761 et
820 691 979 784 temporis
1003 689 1092 771 ratio
1116 689 1277 783 praecidit.

207 799 302 870 Vale.

243 996 269 1050 5.
283 1001 428 1048 Absolutum
441 1000 551 1050 videtur.
563 1037 569 1049 .
581 1037 587 1048 .
598 1037 604 1049 .
616 1014 652 1050 ,σε
665 1002 717 1050 tibi.
766 1014 810 1051 ret.
822 997 986 1052 Indicativus
1000 998 1079 1069 longe
1090 996 1277 1051 accommoda·

208 1075 262 1140 Qui
280 1075 406 1129 recitante
426 1088 452 1129 te
470 1076 622 1131 audivimus
642 1078 717 1130 Anti-
765 1076 1193 1144 tiorconsilioPlinii,Maximnm
1202 1078 1276 1130 omni

207 1157 326 1208 Plantam
333 1167 407 1207 tuum
417 1192 425 1218 ‚
435 1156 585 1210 absolutum
595 1169 620 1209 et
629 1158 719 1229 perle—
766 1156 868 1210 ratione
885 1157 1069 1228 perpellentis,
1084 1169 1113 1209 ut
1128 1176 1162 1210 ne
1177 1155 1276 1209 diutius

208 1246 280 1286 ctum
302 1233 485 1307 judicavimus.
507 1236 600 1306 Itaque
617 1236 673 1288 noli
689 1247 719 1288 tu
766 1248 906 1290 cunctetur
915 1237 1015 1288 lihrum
1025 1255 1104 1288 suum
1114 1234 1276 1287 emittere-S.

208 1313 327 1366 cunctari
334 1325 359 1366 et
365 1313 521 1366 calumniari
530 1326 656 1386 tanquam
666 1314 717 1366 im·
766 1347 802 1357 -
809 1319 939 1384 Temporis.
949 1315 1102 1368 Genuinum
1110 1315 1163 1367 hoc
1174 1333 1181 1367 :
1194 1318 1277 1365 mortu

207 1393 353 1462 perfectum
373 1411 458 1464 opus,
476 1393 575 1447 diutius
593 1411 722 1465 paemen-v
766 1394 1276 1466 aliorumaglossatoreprofectum.Tem·

209 1471 273 1524 dum
284 1509 294 1535 ,
308 1490 338 1525 ac
349 1471 422 1524 domi
435 1472 641 1538 continendum,
653 1471 718 1525 dum
761 1478 832 1542 poris
842 1477 907 1525 ratio
917 1473 963 1526 illa
972 1473 1030 1545 ipsa
1038 1473 1137 1524 Plantae
1147 1489 1220 1530 mors
1229 1482 1275 1523 est.

207 1551 380 1622 perpoliatur.
392 1552 426 1603 G.
764 1553 808 1605 Sic
816 1571 885 1623 saepe
894 1572 931 1603 res
942 1563 969 1604 et
979 1567 1070 1619 tempus
1076 1551 1235 1623 junguntur.
1245 1549 1272 1601 S.

243 1632 422 1682 -Desiderac
434 1630 503 1682 Male
513 1630 619 1683 Cortius
627 1632 718 1681 deside-
765 1662 800 1671 -
808 1629 1275 1700 Praecidere,recusare,uegare.En.

208 1828 803 1847 fflssfflfflfflssssfflfflfflfflfflfflfflffl
806 1829 1267 1848 mmmfflmmmmffl

711 2020 771 2103 ΙΙ.

210 2255 325 2325 Longos
348 2262 376 2305 et
398 2246 513 2304 crebras
530 2246 665 2321 epistolas
683 2245 841 2323 flagitanti,
858 2258 976 2304 excusat
995 2267 1043 2319 se,
1065 2247 1143 2324 quod
1160 2248 1278 2308 materia

678 2340 800 2400 deficiat.

430 2551 461 2594 c,
489 2547 667 2594 orturus
693 2548 851 2596 suerro
877 2525 893 2556 ⁴*
919 2551 998 2597 suo
1023 2553 1050 2599 s.

261 2734 377 2799 Faers
404 2725 569 2821 jucunde,
597 2725 687 2818 quod
711 2749 780 2794 non
805 2724 912 2795 solum
938 2727 1098 2821 plurimas
1123 2727 1279 2821 epistolas

212 2865 316 2929 meas,
325 2863 442 2908 verum
451 2837 551 2906 etiam
562 2834 787 2930 longissimas,
800 2836 930 2931 flagitas
944 2838 998 2905 :in
1013 2839 1135 2932 quihus
1147 2840 1280 2932 parcior

213 2951 278 3040 fui,
293 2951 416 3045 partim
435 2948 515 3042 quia
533 2961 607 3015 tuas
626 2947 862 3040 occupationes
879 2948 1035 3033 verebar,
1053 2948 1176 3041 partim
1202 2949 1280 3042 quia

213 3061 284 3155 ipse
294 3058 439 3129 multum
452 3056 688 3152 distringebar,
698 3057 894 3150 plerumque
902 3056 1030 3150 frigidis
1039 3059 1280 3154 negotiis,quae

180 3204 194 3238 2
214 3171 313 3245 simul
335 3185 368 3240 et
386 3184 528 3238 avocant
549 3168 699 3236 animum
717 3183 752 3236 et
765 3167 1008 3237 comminuunt.
1030 3170 1195 3238 Praeterea
1218 3193 1280 3238 nec

214 3282 354 3353 materia
372 3280 470 3374 plura
489 3277 655 3348 scribendi
669 3277 820 3347 dabatur.
838 3279 956 3370 Neque
971 3278 1061 3345 enim
1080 3276 1280 3348 eademne·

216 3407 284 3460 stra
310 3388 476 3467 conditio,
500 3411 573 3480 quae
599 3389 648 3454 Μ.
668 3384 786 3472 Tullii,
807 3384 850 3453 ad
879 3386 975 3479 cujus
1006 3386 1196 3481 exemplum
1218 3414 1280 3458 nos

216 3526 325 3571 vocas.
348 3497 400 3568 Illi
421 3499 510 3567 enirn
538 3510 572 3564 et
596 3495 859 3588 copiosissimum
883 3495 1072 3589 ingenium,
1091 3511 1125 3565 et
1144 3497 1281 3592 ingenio

218 3636 284 3706 qua
296 3610 438 3678 varietas
460 3602 589 3690 rerum,
606 3628 673 3698 qua
692 3603 905 3698 magnitudo,
918 3603 1100 3698 largissime
1121 3622 1281 3700 suppete-

184 3731 200 3785 3
219 3717 291 3791 bat!
305 3725 376 3793 Nos
385 3743 486 3814 quam
496 3716 645 3810 angustis
656 3714 806 3782 terminis
820 3713 1137 3801 claudamur,etiam
1150 3730 1282 3787 tacente

219 3855 290 3915 me,
308 3826 468 3922 perspicis
483 3850 490 3892 :
505 3824 569 3892 nisi
578 3822 669 3892 -forte
681 3822 836 3893 volumus
849 3822 1059 3893 scholasticas
1073 3824 1151 3909 tibi,
1166 3841 1285 3921 atque,

253 4022 305 4076 IL*
316 4023 356 4074 De
365 4020 455 4070 Sabino
467 4014 528 4069 vide
541 4016 610 4069 infra
624 4035 665 4087 ep.
677 4018 724 4079 18,
812 4036 835 4068 ι.
847 4020 1025 4078 comminuere,
1036 4036 1110 4090 aequc
1118 4022 1282 4092 acfraagere,

215 4101 269 4164 IV,
279 4119 321 4171 ep.
336 4115 385 4161 1o;
396 4109 422 4150 et
432 4097 487 4159 VI,
500 4113 541 4166 ep.
556 4096 598 4149 18.
613 4096 664 4149 En.
774 4094 928 4149 debilitandi
939 4097 1075 4151 notionem
1087 4098 1178 4154 habet.
