2654 4816
401 376 670 444 EPISTULA
695 377 801 444 XXI.
1087 374 1135 459 43
1185 416 1193 431 ·

62 499 139 568 fert.
154 502 235 568 Haec
254 498 316 566 tibi
330 499 462 593 scripsi,
481 501 561 593 quia
578 525 640 568 nec
658 500 771 567 minus
787 499 919 592 ignota,
933 524 1035 593 quarn
1051 500 1134 569 mihi
1155 529 1187 564 re

62 635 126 680 nec
141 612 256 679 minus
272 621 368 704 grata
386 607 572 679 credebam.
587 615 676 682 Nam
694 625 728 677 te
747 617 899 704 quoque,
916 623 954 676 ut
967 635 1035 698 me,
1049 608 1135 678 nihil

62 744 156 814 aeque
176 744 216 788 ac
233 734 363 787 naturae
378 744 482 813 opera
500 720 675 790 delectant.
685 719 780 791 Vale.

60 916 303 986 Mediceopaveanae.
312 918 394 970 Bene.
405 919 575 973 Sicmoxsen·
662 939 703 971 ro,
715 923 798 971 Nihil.
810 956 815 969 .
827 957 833 968 .
845 959 851 970 .
866 922 996 969 delectant.
1010 916 1134 970 Notanda
1197 964 1201 972 .

62 997 401 1063 sertae.s.-cf.1tv.xxt‚
411 999 454 1062 28,
463 986 496 1052 de
504 1000 575 1054 Han·
622 998 796 1061 constructio,
809 998 882 1050 verbi
895 1015 1006 1048 numero
1016 994 1051 1049 ad
1058 1016 1134 1064 opera

64 1076 159 1129 tribalis
165 1076 572 1149 adllhodanumelophantis.En.
622 1098 676 1132 non
691 1079 725 1132 ad
735 1082 799 1130 nihil
806 1077 898 1132 relato.
910 1077 937 1131 S.

72 1294 721 1317 mmmmmwbmmmkummwww
722 1296 1028 1318 mmmmmmm
1029 1292 1122 1314 mm

60 1734 206 1792 Graviora
217 1756 247 1793 se
259 1735 354 1795 studia
366 1736 543 1814 distinguere
557 1734 685 1808 lusibus,
699 1737 832 1813 exemplo
844 1737 956 1795 recitati
966 1751 1132 1815 poematum

489 1833 558 1892 libri
574 1834 707 1892 ostendit.

273 2043 305 2087 c.
333 2042 509 2089 rutulus
535 2016 764 2089 turrano*
787 2042 865 2089 suo
892 2044 918 2089 s.

106 2224 164 2290 Ur
183 2224 219 2289 in
239 2223 328 2309 vita,
347 2223 393 2290 sic
412 2222 446 2289 in
465 2221 583 2289 studiis
597 2220 861 2315 pulcherrimum
883 2238 916 2291 et
934 2225 1132 2296 humanissi-

58 2357 154 2400 mum
185 2335 356 2418 existimo,
385 2335 594 2403 severitatem
620 2335 878 2428 comitatemque
908 2337 1062 2423 miscere,
1089 2363 1132 2406 ne

60 2442 114 2511 illa
125 2444 161 2510 in
173 2444 341 2512 tristitiam
352 2441 440 2529 ,haec
452 2443 487 2510 in
500 2441 721 2536 petulantiam
733 2445 901 2537 procedat.
912 2447 990 2534 Qua
1002 2448 1132 2515 ratione
1152 2460 1165 2492 ²

58 2553 200 2642 ductus,
216 2555 369 2648 graviora
382 2577 484 2647 opera
502 2553 629 2621 lusibus
639 2554 790 2648 jocisque
805 2554 986 2651 distinguo.
1002 2557 1055 2625 Ad
1069 2557 1131 2626 hos

58 2664 280 2758 proferendos
302 2680 336 2735 et
356 2679 487 2758 tempus
505 2678 538 2732 et
558 2664 668 2733 locum
687 2667 1007 2758 opportunissimum
1027 2667 1131 2762 elegi;

59 2787 166 2866 utque
181 2774 252 2866 jam
268 2798 359 2842 nunc
376 2773 612 2844 adsuescerent
630 2790 663 2843 et
681 2775 722 2843 ab
742 2777 856 2844 otiosis
875 2792 909 2844 et
930 2778 964 2845 in
983 2777 1130 2847 triclinio

58 2884 188 2969 audiri,
211 2883 300 2954 Julio
323 2909 454 2972 mense,
483 2911 549 2979 quo
577 2888 721 2955 maxime
746 2886 821 2955 lites
846 2890 1129 2983 interquiescunt,

57 2994 178 3087 positis
192 3008 270 3062 ante
282 2993 384 3063 lectos
401 2995 584 3079 cathedris,
602 2998 726 3065 amicos
744 2996 914 3066 collocavi
929 3002 1029 3068 Forte
1045 3003 1130 3070 acci·
1149 3003 1164 3054 3

92 3206 169 3258 XXI.
186 3206 199 3233 *
218 3209 322 3257 Arriani
340 3206 449 3259 consilio
468 3207 570 3260 solebat
618 3211 747 3261 cathedris.
766 3211 866 3281 Nempe
890 3215 1008 3263 cathedra
1027 3214 1072 3267 hic
1091 3229 1129 3268 est

60 3296 152 3338 auctor
165 3286 193 3337 in
207 3283 300 3336 studiis
312 3286 359 3338 uti.
369 3287 397 3350 I,
407 3306 449 3357 ep.
462 3307 488 3341 a.
499 3288 550 3341 En.
616 3288 765 3358 pulpitum,
780 3308 833 3361 quo
850 3301 913 3342 ante
927 3291 1024 3344 lectum
1042 3296 1129 3365 posito

95 3385 121 3417 a.
136 3369 201 3416 Lites
216 3367 412 3430 interquiescunt.
429 3364 569 3420 Adscribe·
617 3367 782 3421 commodius
795 3370 910 3422 scribere
923 3370 1023 3442 aliquid
1037 3376 1080 3426 vel
1093 3375 1129 3426 le·
1201 3380 1204 3389 ’

60 3462 118 3498 mus
136 3455 163 3496 et
180 3462 230 3496 nos
246 3442 335 3495 locum
352 3445 425 3497 Statii
444 3445 502 3498 silv.
517 3446 568 3508 IV,
617 3464 677 3515 gere
689 3448 748 3518 quis
758 3449 850 3519 possit.
862 3451 904 3502 Ita
915 3451 1010 3522 accipit
1019 3452 1128 3524 Proper·

60 3535 93 3586 t,
109 3523 162 3592 39:
617 3525 728 3590 tiuslV,
743 3533 769 3591 5,
787 3526 837 3598 37:

59 3620 162 3671 cateiam
172 3619 233 3658 Latia
245 3633 286 3658 non
295 3620 376 3658 miscent
381 3620 446 3673 jurgia
454 3619 517 3673 leges,
724 3656 727 3663 .
736 3654 740 3662 .
749 3656 753 3663 .
762 3654 778 3664 ..
790 3630 854 3678 posita
866 3637 888 3666 tu
901 3630 963 3667 scribe
976 3629 1068 3668 cathedra

59 3690 84 3730 Et
91 3704 159 3742 pacem
169 3691 225 3742 piger
230 3703 292 3728 annus
298 3689 364 3737 heber,
370 3704 480 3744 messesque
487 3705 569 3731 reversa
670 3685 782 3735 QUl‘ffib‘l·

60 3761 236 3800 brabantorum.
616 3763 650 3816 G.
665 3795 696 3804 -
710 3766 788 3818 Conl.
803 3767 851 3837 Ep.
868 3770 910 3830 II,
930 3788 971 3839 17,
990 3791 1031 3822 21.
1048 3771 1079 3822 E.
1092 3803 1127 3811 -—-

60 3839 121 3892 Sunt
138 3840 208 3891 tituli
225 3852 282 3892 tum
299 3840 493 3895 Pandectarum
511 3856 568 3896 tum
617 3844 751 3897 Nimirum
763 3865 793 3898 ea
809 3847 994 3901 cathedrarum
1008 3863 1126 3903 constru-

60 3917 163 3971 Codicis
173 3918 208 3972 de
218 3920 309 3973 Feriis.
320 3920 402 3986 Quod
409 3923 500 3993 paullo
509 3936 569 3996 post
618 3924 669 3975 ctio
683 3937 754 3989 erat,
768 3938 797 3978 ut
811 3927 889 3979 simul
904 3939 929 3980 et
946 3929 1014 3981 sedis
1029 3943 1054 3982 et
1068 3931 1126 4001 pul-

59 3997 91 4050 de
106 4003 270 4051 advocatione
287 4006 368 4053 subita
385 4001 464 4066 dicit,
486 4015 569 4056 extra·
616 4003 665 4075 piti
674 4006 731 4057 vice
742 4006 925 4077 fungerentur.
933 4011 1011 4063 Nunc
1021 4010 1126 4062 aPlinio

60 4077 222 4132 ordinarium
230 4081 359 4152 quiddam
371 4083 436 4146 fuit,
452 4095 477 4135 et
487 4103 568 4136 morae
617 4096 719 4137 tantum
731 4086 886 4141 considendi
896 4107 989 4143 caussa
1003 4089 1126 4143 adhibitae

60 4157 204 4229 impatiens.
221 4160 255 4213 G.
271 4194 306 4203 -—
320 4167 408 4216 Posin's
422 4179 481 4216 ante
495 4168 568 4216 lectos
616 4177 686 4217 sunt.
700 4166 728 4219 S.
