2654 4822
209 347 256 429 24
488 349 526 414 C.
551 348 724 418 PLINII
748 349 849 416 LIB:
871 349 981 416 VIII.

190 468 304 555 tium,
313 468 360 536 sic
369 469 470 536 etiam
476 469 563 562 juris
573 469 730 537 senatorii
738 467 943 537 oblivionem
952 467 1131 561 quamdam
1141 482 1175 535 et
1183 469 1275 563 igno

174 578 373 645 arationem
398 577 538 646 induxit.
560 579 693 666 Quotus
716 579 806 646 enirn
826 579 966 672 quisque
985 591 1053 647 tarn
1072 580 1219 671 patiens,
1235 594 1275 647 ut

208 686 290 756 velit
302 686 443 774 discere,
462 687 552 781 quod
569 689 602 755 in
621 714 684 757 usu
701 714 770 757 non
789 690 832 757 sit
848 687 1043 757 habiturus?
1057 688 1165 773 Adde,
1184 687 1276 782 quod

210 793 346 863 difficile
364 811 415 864 est
434 810 564 882 tenere,
587 823 662 894 quae
684 798 864 893 acceperis,
885 798 949 866 nisi
971 822 1134 867 exerceas.
1156 801 1275 891 Itaque

210 905 349 1005 reducta
363 903 497 975 libertas
511 907 611 976 rudes
624 935 686 978 nos
701 924 734 978 et
745 909 917 1004 imperitos
928 907 1167 1006 deprehendit:
1181 909 1278 1000 cujus

207 1012 386 1083 dulcedine
415 1019 544 1086 accensi
569 1020 721 1113 cogimur
746 1018 897 1115 quaedam
922 1018 1030 1087 facere
1055 1031 1150 1104 ante,
1174 1041 1277 1111 quarn

178 1138 195 1196 l
212 1150 320 1195 nosse.
343 1129 426 1196 Erat
442 1142 555 1197 autern
574 1130 759 1226 antiquitus
776 1129 985 1213 institutum,
1003 1143 1078 1197 uta
1094 1127 1278 1220 majoribus

213 1249 314 1317 natu,
333 1260 400 1303 non
419 1238 556 1307 auribus
570 1238 689 1326 modo,
703 1264 820 1307 verum
835 1239 936 1308 etiam
948 1236 1052 1306 oculis
1065 1238 1279 1320 disceremus,

213 1369 288 1438 quae
313 1344 462 1415 facienda
491 1373 568 1416 mox
594 1349 675 1442 ipsi,
693 1374 732 1419 ac
750 1374 811 1444 per
830 1349 918 1417 vices
937 1348 1096 1444 quasdam
1119 1345 1278 1414 tradenda

180 1455 399 1541 tminoribus
418 1457 628 1527 haberemus.
649 1458 731 1527 Inde
750 1457 989 1528 adolescentuli
1006 1458 1118 1527 statim
1137 1472 1287 1525 castren*

215 1565 306 1633 sibus
316 1565 489 1658 stipendiis
499 1566 802 1664 imbuebantur,ut
811 1564 1281 1661 imperare,parendo,duces
1303 1618 1305 1621 -

215 1699 332 1769 agere,
353 1674 434 1742 dum
453 1692 655 1771 sequuntur,
675 1691 900 1746 assuescerent
915 1703 922 1745 :
937 1677 1015 1744 inde
1031 1677 1175 1745 honores
1197 1675 1281 1768 peti·

216 1785 284 1852 turi
309 1785 506 1853 assistebant
524 1788 623 1856 euriae
643 1786 788 1874 foribus,
808 1802 842 1855 et
860 1787 989 1856 consilii
1007 1786 1132 1881 publici
1151 1799 1280 1880 specta·

121 1928 127 1932 ·
182 1901 199 1949 6
218 1907 308 1962 tores
322 1908 414 1980 ante,
429 1920 529 1990 quarn
544 1911 714 1965 consortes
730 1911 835 1986 erant.
851 1901 939 1966 Suus
953 1898 1075 1990 cuique
1087 1920 1208 1990 parens
1221 1921 1281 1989 pro

217 2004 396 2098 magistr0,
417 2020 476 2074 aut
492 2007 548 2074 cui
566 2031 687 2100 parens
705 2033 775 2076 non
797 2022 887 2096 erat,
909 2007 1071 2074 maximus
1091 2007 1233 2099 quisque
1251 2019 1284 2073 et

218 2116 459 2185 vetustissimus
470 2142 532 2211 pro
543 2133 691 2211 parente.
701 2119 786 2206 Quae
795 2132 941 2212 potestas
950 2113 1283 2207 referentibus,quod

219 2225 430 2294 censentibus
444 2226 518 2320 jus,
534 2252 607 2320 quae
620 2228 670 2295 vis
685 2227 951 2321 magistratibus,
965 2251 1038 2318 quae
1052 2226 1168 2293 ceteris
1182 2222 1282 2292 liber·

160 2374 162 2381 <
220 2348 288 2420 tas;
310 2335 368 2403 ubi
389 2336 593 2425 cedendum,
611 2338 670 2406 ubi
687 2336 925 2418 resistendum,
944 2335 1033 2429 quod
1053 2334 1176 2403 silentii
1197 2349 1283 2402 tem-

217 2468 297 2538 pus,
317 2446 391 2539 quis
409 2446 541 2515 dicendi
557 2446 692 2532 modus,
703 2472 776 2541 quae
788 2447 957 2516 distinctio
972 2445 1196 2541 pugnantium
1208 2468 1283 2511 sen-

219 2616 351 2686 scripsisse
361 2637 438 2683 eum,
454 2630 514 2688 post
526 2617 670 2672 Domitiani
684 2619 728 2670 lu·
777 2618 900 2672 classicus
910 2629 959 2680 est,
968 2616 1037 2669 Gell.
1048 2617 1100 2680 tv,
1113 2634 1154 2669 ιο.
1167 2619 1193 2667 C.
1205 2618 1287 2666 Ceasar

219 2713 303 2761 rores,
309 2709 427 2751 recreata
436 2700 530 2752 Nervae
538 2710 564 2750 et
571 2698 679 2770 Trajaui
686 2699 730 2750 be-
777 2703 863 2750 consul
866 2703 902 2748 Μ.
911 2701 1026 2748 Catonem
1032 2699 1176 2747 sententium
1183 2697 1284 2763 rogavit.

220 2776 731 2849 neliciorepublica.Quidtumjuvabat
779 2780 840 2828 Cato
855 2796 917 2850 reru,
935 2795 1011 2844 quam
1027 2778 1206 2833 consulebatur,
1226 2792 1285 2840 quo-

222 2854 323 2908 discere
334 2856 412 2928 jura,
426 2856 523 2927 quibus
539 2855 579 2908 uti
595 2874 650 2907 nou
665 2855 729 2908 lIce·
778 2860 846 2908 nium
858 2876 907 2907 uon
920 2858 1069 2922 erepublica
1081 2856 1221 2912 uidebatur,
1230 2870 1288 2918 peri·

221 2945 279 2998 ret,
292 2953 327 2987 ne
343 2934 442 2987 adhoc
458 2933 583 3006 quidem,
597 2946 627 2988 ut
640 2953 670 2987 ea
682 2934 731 2988 tihi
770 2938 821 3009 fiel
830 2939 937 2987 uolebat.
946 2937 1007 3004 Ejus
1015 2936 1052 2984 rei
1057 2935 1142 3001 gratia
1154 2933 1283 2989 ducenda,

222 3015 329 3085 cognita
337 3032 393 3067 esse
402 3013 582 3084 significares?
595 3014 629 3067 G.
779 3019 853 3084 longa
862 3017 974 3066 oratione
983 3016 1105 3072 utebatur,
1117 3013 1288 3075 eximebatque

259 3095 285 3146 3.
303 3095 473 3161 Deprehendit.
493 3095 584 3165 Ipsum
601 3093 652 3145 hoc
671 3112 730 3146 ver·
779 3097 880 3144 dicendo
891 3095 962 3142 diem.
971 3096 1036 3140 Erat
1045 3093 1154 3157 enimjus
1163 3090 1285 3146 senatori,

223 3172 288 3223 burn
297 3172 377 3225 habet
386 3190 444 3225 eam
453 3171 524 3235 νίω,
538 3183 568 3224 ut
577 3190 731 3244 oppressum
779 3175 790 3240 (
796 3191 828 3224 en
838 3182 940 3242 partem
948 3170 1016 3241 juris
1027 3167 1148 3220 senatorii
1156 3168 1180 3237 l)
1194 3181 1222 3216 ue
1232 3185 1288 3216 sen-

223 3250 377 3322 inopinuto,
396 3262 423 3303 et
437 3263 543 3322 captum
559 3263 641 3305 notet.
660 3253 732 3322 Saepe
780 3254 881 3301 tentiam
889 3265 997 3317 rogatus,
1009 3252 1099 3299 diceret
1106 3261 1163 3298 aute
1169 3247 1291 3313 quidquid

223 3329 261 3382 ita
278 3330 375 3381 Fabius
392 3349 485 3394 meus,
503 3330 548 3383 sed
567 3330 688 3401 proprie,
707 3342 733 3383 et
780 3332 924 3381 vellerellae
937 3332 985 3390 rei,
1001 3343 1025 3378 οι
1038 3330 1124 3395 quoad
1131 3330 1213 3377 uellet.
1224 3325 1287 3385 Vid‚

224 3408 297 3460 uude
319 3408 430 3479 intelligi
452 3409 609 3481 metaphora
632 3409 731 3480 possit,
780 3407 900 3461 Gronov.
911 3408 989 3461 Obss.
1000 3409 1026 3471 Ι,
1041 3427 1088 3469 22,
1099 3417 1125 3457 et
1135 3403 1198 3456 add.
1209 3425 1288 3476 supra

224 3486 373 3540 Instit..0r.
384 3487 453 3550 XII,
468 3506 500 3550 s,
513 3493 545 3550 14
556 3503 563 3538 :
574 3493 657 3538 Parva
666 3508 734 3555 qua·
780 3487 836 3554 VI,
850 3487 880 3550 5,
895 3505 906 3537 r
916 3524 924 3550 ,
936 3487 1025 3549 etvl,
1040 3504 1088 3554 19,
1101 3487 1132 3548 33
1150 3485 1219 3536 infra
1233 3487 1288 3553 IX,

225 3569 284 3616 dum
299 3569 432 3626 animalia,
447 3567 472 3616 in
486 3568 603 3634 angustiis
619 3569 731 3628 mobilia,
784 3567 831 3631 13,
848 3585 875 3635 9.
889 3565 924 3619 G.
938 3597 973 3608 --
986 3569 1114 3616 Distinetio
1123 3569 1302 3632 pugnantium>

225 3664 312 3712 cumpo
334 3646 551 3711 deprehenduntur.
578 3643 649 3697 Add.
673 3663 733 3698 mox
781 3647 962 3695 sententiarum.
978 3646 1055 3696 Recte
1077 3643 1187 3713 explicat
1209 3643 1289 3697 Cata·

225 3723 307 3787 VIII,
324 3741 366 3792 17,
379 3728 406 3785 4.
421 3721 455 3773 G.
781 3741 853 3774 naeus
864 3721 897 3776 de
907 3725 1049 3783 dividenda,
1062 3735 1091 3774 ut
1101 3721 1166 3773 alias
1179 3721 1291 3793 loquun-

261 3805 288 3853 6.
307 3804 365 3866 Quis
380 3803 479 3850 dicendi
492 3804 586 3854 modus.
599 3801 734 3865 Quamdiu
781 3815 835 3865 tur,
843 3806 975 3862 sententia,
985 3801 1031 3852 ubi
1038 3811 1148 3871 exparte
1158 3801 1291 3871 amplecti·

226 3877 313 3932 dicere
323 3880 362 3931 las
372 3878 610 3943 essetlauliceret‚
620 3892 650 3932 ut
659 3899 733 3933 mora
782 3900 842 3933 mur
860 3881 968 3934 alterius
990 3880 1163 3943 sententiam,
1188 3898 1220 3930 ex
1240 3881 1291 3933 alia

225 3958 359 4031 injiciatur
383 3959 508 4030 negotio,
530 3969 557 4010 et
579 3958 732 4024 differatur,
781 3970 857 4030 parte
865 3977 923 4012 eam
931 3958 1291 4028 refutamus.Elegantissime

226 4037 299 4109 quod
308 4041 363 4112 jam
370 4037 493 4108 Impediri
501 4056 554 4090 non
565 4051 661 4109 potest,
668 4042 732 4089 diem
781 4040 840 4092 Sen.
850 4057 893 4110 ep.
908 4058 938 4090 21
951 4056 958 4090 t
973 4041 1047 4104 Quod
1053 4041 1078 4088 in
1091 4051 1178 4088 senatu
1179 4040 1243 4108 fleri
1251 4059 1290 4088 so·

178 4163 180 4167 ,
227 4118 329 4186 diceudo
349 4121 476 4170 eximeret
496 4119 583 4171 Locus
600 4135 632 4171 ea
651 4116 684 4170 de
694 4137 732 4171 -re
781 4122 824 4178 let,
830 4119 976 4186 saeieudum
989 4119 1014 4168 iu
1021 4119 1179 4186 philosophia
1190 4135 1290 4184 quoque
