2654 4822
212 346 258 417 36
388 446 391 454 Ι
501 352 539 419 C.
568 350 739 418 PLINII
766 349 862 416 LIB.
883 349 994 416 VIII.

210 556 301 573 “5⁸ss
304 555 346 573 §ss
350 557 390 573 tv·
395 556 436 574 Μ
440 554 1272 577 mmmmmmmmwunmmsmsmmmmm

641 762 829 849 XVIII.

209 1006 368 1063 Domitium
383 1006 501 1063 Tullum
517 1005 633 1076 laudat,
650 1005 700 1082 qui
716 1003 847 1062 moribus
864 1017 968 1062 caetera
981 1025 1040 1062 non
1055 1005 1280 1083 probatissImis‚

250 1117 450 1161 testamentum
464 1104 571 1160 fecerat
580 1103 827 1176 honestissimum,
841 1102 1014 1179 posthabitis
1028 1104 1240 1181 captatoribus,
1252 1117 1282 1163 et

250 1201 363 1277 scriptis
380 1202 479 1269 unice,
497 1221 569 1279 quos
585 1201 679 1278 pietas
691 1198 822 1277 jubebat.
834 1201 919 1258 Valet
934 1199 997 1258 haec
1013 1203 1135 1278 epistola
1152 1202 1190 1260 ad
1208 1202 1277 1260 illu-

249 1298 381 1356 strandos
394 1299 512 1356 iliorum
526 1311 689 1376 temporum
704 1317 807 1356 mores.
823 1303 877 1356 En.

432 1507 460 1553 c.
487 1474 664 1552 ruritius
689 1506 858 1551 uurruo
883 1480 898 1511 *
924 1504 1003 1552 suo
1029 1505 1057 1551 s.

258 1691 406 1756 Farsuru
421 1699 470 1752 est
484 1686 661 1765 nimirum,
675 1682 766 1776 quod
783 1682 931 1750 creditur
947 1682 1064 1777 vulgo,
1081 1696 1281 1755 testamenta
1301 1682 1306 1691 ’

210 1797 386 1864 hominum
407 1794 578 1888 specuium
599 1818 668 1861 esse
688 1818 818 1860 morum
828 1837 842 1880 ,-
855 1816 959 1884 quum
976 1794 1146 1861 Domitius
1163 1794 1280 1863 Tullus

177 1923 190 1955 ²
210 1904 309 1999 longe
329 1904 448 1973 melior
470 1905 663 1999 apparuerit
686 1917 811 1986 morte,
830 1927 931 1995 quam
950 1902 1029 1970 vita.
1050 1905 1154 1988 Nam,
1173 1929 1280 1997 quum

210 2040 244 2083 se
265 2015 465 2109 captandum
489 2014 701 2108 praebuisset,
725 2010 860 2106 reliquit
885 2011 986 2080 filiam
1012 2012 1185 2099 heredem,
1205 2040 1280 2109 quae

210 2125 257 2194 illi
279 2152 354 2195 cum
372 2125 475 2193 fratre
494 2125 697 2206 communis,
715 2123 795 2216 quia
813 2123 959 2215 genitam
977 2121 1078 2190 fratre
1099 2123 1279 2218 adoptave-

209 2250 273 2303 rat.
299 2239 526 2327 Prosequutus
551 2247 599 2301 est
625 2226 762 2325 nepotes
788 2231 941 2326 plurimis
962 2233 1280 2329 jucundissimisque

209 2344 344 2439 legatis3
368 2358 591 2438 prosequutus
614 2344 713 2411 etiam
731 2357 963 2436 pronepotem.
982 2346 1021 2411 In
1039 2368 1187 2427 summa,
1206 2369 1279 2413 om·

208 2457 264 2522 nia
291 2457 414 2548 pietate
440 2453 650 2548 plenissima;
672 2477 711 2521 ac
736 2467 831 2520 tanto
857 2453 981 2546 magis,
1000 2454 1160 2546 quoniam
1183 2455 1280 2521 inex-

176 2578 357 2657 3spectata
383 2578 470 2632 sunt.
495 2567 586 2657 Ergo
615 2563 699 2631 varii
728 2578 799 2631 tota
827 2564 961 2631 civitate
992 2588 1160 2631 sermones
1186 2586 1195 2631 ι
1222 2563 1279 2632 alii

152 2670 155 2675 ’
209 2673 347 2758 fictum,
369 2676 556 2768 ingratum,
576 2675 805 2742 immemorem
829 2672 1030 2767 loquuntur,
1047 2698 1147 2766 seque
1169 2675 1278 2768 ipsos,

175 2868 178 2879 ι
210 2784 290 2854 dum
317 2786 523 2853 insectantur
548 2785 662 2871 illum,
682 2786 882 2879 turpissimis
907 2784 1171 2853 confessionibus
1196 2811 1279 2882 pro·

210 2895 312 2984 dunt,
331 2911 369 2963 ut
384 2898 440 2990 qui
459 2896 499 2963 de
517 2911 632 2989 patre,
648 2921 728 2981 avo,
746 2921 889 2990 proavo,
908 2896 1002 2990 quasi
1021 2894 1062 2962 de
1081 2895 1182 2982 orbe,
1197 2920 1278 2989 que-

244 3099 368 3152 XVIII.*
382 3099 460 3151 Forte
474 3103 604 3149 Trebonius
618 3102 718 3170 Rufinus
760 3090 1279 3170 'tantomagisplaeehatadeoquemajor

218 3180 282 3231 ntel.
294 3178 390 3249 dequo
400 3178 451 3241 IV,
461 3197 503 3248 ep.
517 3198 564 3239 rr,
578 3197 601 3229 1.
617 3179 668 3249 En.
766 3176 918 3238 videbatur‚
941 3174 1067 3245 quoniam
1090 3187 1277 3229 testamentum

245 3279 269 3309 n.
285 3264 315 3308 Se
331 3261 479 3326 captandum
494 3261 645 3324 prebuisset.
667 3257 719 3309 Ad·
766 3266 819 3307 tam
832 3255 906 3327 pium
920 3273 999 3306 nemo
1013 3266 1209 3325 exspectaverat
1222 3256 1250 3310 S.

209 3337 321 3391 misisset
330 3336 486 3401 blanditias,
502 3355 629 3398 munera,
644 3337 718 3388 ohse-
801 3332 827 3384 3.
848 3341 878 3384 Ut
893 3336 937 3401 qui
952 3336 983 3384 de
995 3349 1077 3400 patre.
1092 3334 1212 3404 Speciem
1231 3336 1279 3390 ha·

209 3417 290 3488 quia,
316 3414 549 3486 heredipetarum,
573 3415 669 3484 quibus
689 3415 717 3465 in
765 3413 1006 3485 buissentquerelae
1019 3412 1172 3466 delusorum
1185 3429 1278 3486 capta·

209 3508 393 3548 testamentum
416 3495 486 3546 itlius
506 3494 620 3563 irrepere
641 3512 718 3545 cona·
766 3504 871 3558 torum,
893 3493 915 3545 si
934 3497 1006 3543 orbus
1024 3490 1196 3560 decessisset,
1221 3495 1278 3547 siue

208 3576 314 3629 bantur.
325 3574 396 3627 Fecit
402 3575 489 3644 itaque
498 3571 717 3643 Domitius,quod
765 3573 870 3640 liberis,
885 3572 940 3625 sine
954 3573 1081 3644 pignore,
1098 3573 1193 3625 Tullus
1212 3592 1219 3625 :
1239 3575 1277 3627 sic

210 3655 329 3708 Coranus
348 3652 393 3705 itte
415 3649 484 3720 apud
505 3651 642 3703 Horatium
660 3652 715 3704 Sat.
766 3652 835 3703 enim
847 3671 951 3723 aequum
964 3664 1036 3715 erat,
1053 3671 1114 3704 eum
1127 3652 1225 3723 gratias
1238 3654 1279 3706 ul·

209 3734 253 3797 11,
270 3736 300 3794 5,
320 3732 369 3793 55,
388 3749 441 3800 sq.,
454 3729 526 3801 quod
540 3749 613 3782 senes
629 3731 717 3802 plures
766 3730 830 3781 timo
837 3729 942 3809 judicio
951 3729 1049 3782 referre
1059 3732 1126 3782 hene
1139 3728 1173 3783 de
1185 3750 1212 3784 se
1224 3751 1278 3786 me·

209 3813 237 3862 in
261 3811 370 3863 Luciani
392 3810 509 3880 Dialogis
532 3822 697 3862 mortuorum
708 3849 717 3874 ,
765 3809 821 3861 ritis
837 3808 903 3862 aliis.
921 3808 972 3863 Sed
989 3809 1062 3881 quod
1076 3822 1226 3881 queruntur
1243 3811 1279 3865 de

209 3892 301 3951 verbo,
311 3911 393 3941 corvos
405 3893 493 3940 delusit
502 3893 605 3940 hiantes.
619 3889 653 3941 G.
761 3904 836 3955 patre
856 3889 931 3953 filiae,
953 3909 998 3940 avo
1017 3901 1163 3961 nepotum,
1178 3911 1277 3958 proavo

243 3977 408 4021 -Actanto
423 3973 501 4037 magis
503 4007 562 4021 .....
561 4029 566 4037 η
571 4009 576 4018 .
593 3985 656 4020 sunt.
671 3969 718 4022 His
765 3969 932 4039 pronepotis,
947 3969 994 4040 qui
1010 3971 1026 4036 S
1043 3989 1056 4021 2
1075 3971 1278 4022 commemorati

209 4068 257 4122 ego
272 4069 326 4102 non
342 4049 484 4102 offendor:
503 4067 553 4100 nec
567 4047 716 4110 Gesnerus,
766 4060 842 4111 sunt,
855 4048 882 4099 in
900 4067 932 4102 eo
941 4048 1058 4119 produnt
1070 4069 1113 4113 se,
1128 4059 1179 4102 etc.
1192 4049 1277 4102 Nimi-

208 4130 441 4202 opinor,offensus
454 4142 501 4183 est.
510 4128 619 4182 Domitii
636 4129 717 4199 pietas
764 4147 824 4181 rum
835 4128 982 4201 recepimus
997 4128 1051 4180 sine
1062 4129 1117 4182 ulla
1130 4121 1279 4181 mutatione
