2654 4822
192 368 215 438 6
481 371 519 437 C.
546 369 716 436 PLINII
741 370 838 436 LIB.
867 370 980 438 v111.

192 505 450 582 arte'curaque,
471 491 496 557 si
520 514 589 556 non
611 503 721 582 potest
742 491 848 577 vinci,
871 492 1056 586 mitigetur.
1078 495 1263 581 Praeterea,

193 603 220 669 si
239 601 339 669 datur
356 603 517 681 Homero,
538 614 572 667 et
589 597 701 667 mollia
720 599 883 669 vocabula
901 615 935 669 et
952 605 1070 671 Graeca
1087 603 1129 671 ad
1146 602 1263 672 lenita·

194 705 262 780 tem
275 735 388 778 versus
403 708 619 796 contrahere,
629 707 824 797 extendere,
834 710 1020 798 inflectere,
1030 713 1160 780 curtibi
1170 714 1262 781 simi-

194 822 235 890 lis
252 819 424 904 audentia,
434 820 616 911 praesertim
632 844 701 887 non
715 817 875 908 delicata,
886 820 942 888 sed
953 823 1152 910 necessaria,
1162 848 1262 916 nege·

163 957 178 1002 s
195 932 272 1001 tur?
286 929 431 998 Proinde
443 930 520 1022 jure
529 944 661 1016 vatum,
676 931 837 998 invocatis
848 930 926 1012 diis,
941 946 974 998 et
986 933 1074 998 inter
1086 931 1165 1001 deos
1176 933 1265 1026 ipso,

194 1041 289 1132 cujus
312 1065 381 1128 res,
399 1063 520 1132 opera,
537 1038 675 1107 consilia
692 1037 843 1107 dicturus
862 1064 912 1122 es,
931 1042 1074 1110 immitte
1090 1042 1265 1127 rudentes,

195 1149 305 1242 pande
321 1147 412 1236 vela,
429 1173 482 1235 ac,
499 1148 678 1243 siquando
695 1147 791 1235 alias,
808 1164 879 1217 toto
895 1151 1031 1244 ingenio
1048 1152 1178 1226 vehere.
1193 1155 1265 1222 Cur
1292 1151 1301 1159 ’

162 1272 178 1321 6
197 1260 288 1326 enim
306 1285 376 1326 non
395 1283 457 1352 ego
472 1283 606 1351 quoque
623 1261 752 1353 poetice
765 1282 842 1326 cum
856 1258 978 1355 poeta?
991 1259 1080 1329 Illud
1090 1261 1160 1353 jam
1174 1287 1266 1330 nunc

196 1372 347 1462 paciscor
361 1395 368 1438 :
384 1372 492 1463 prima
506 1393 647 1462 quaeque
655 1384 694 1437 ut
706 1368 901 1454 absolveris,
912 1371 1025 1458 mitte,
1036 1373 1138 1440 immo
1148 1373 1264 1454 etiam,

198 1496 377 1573 antequam
403 1480 570 1567 absoluas3
596 1480 642 1548 sic
667 1494 706 1547 ut
731 1495 832 1548 erunt
859 1483 1023 1567 recentia,
1048 1497 1081 1551 et
1099 1483 1211 1565 rudia,
1234 1478 1274 1552 et

165 1623 181 1672 7
198 1591 308 1659 adhuc
320 1589 441 1659 similia
450 1590 676 1674 nascentibus,
685 1581 931 1684 Respondebis,
945 1619 1013 1664 non
1023 1575 1119 1688 posse
1129 1594 1271 1688 perinde

199 1704 358 1795 carptim,
369 1716 407 1769 ut
416 1715 589 1787 contexta,
604 1701 744 1795 perinde
753 1702 911 1773 inchoata
921 1703 1068 1797 placere,
1082 1719 1121 1772 ut
1136 1704 1267 1774 effecta.
1299 1768 1301 1777 .

198 1880 428 1989 pugnentmetro.
442 1916 481 1967 De
494 1914 541 1967 tali
551 1913 708 1968 difficultate
732 1978 737 1987 ¹
756 1914 906 1970 Secundum
915 1957 924 1982 ,
933 1916 1079 1988 Virgiliana
1091 1918 1167 1970 toties
1182 1919 1270 1990 expri-

199 1995 320 2067 querelas
328 2007 464 2068 poetarum
476 1995 520 2046 hic
530 1995 635 2066 collegit
644 1995 708 2047 Cor·
733 1992 738 2000 '
757 2006 890 2060 mentem,
906 1997 1050 2068 respexisse
1062 2009 1137 2069 puto.
1152 1997 1179 2050 S.

199 2078 261 2128 tius.
275 2074 346 2127 eddi
357 2086 468 2148 possunt
480 2076 531 2127 tria
541 2074 628 2146 lepida
640 2076 710 2128 Mar·
793 2094 820 2144 7.
832 2079 954 2144 carptim,
965 2092 992 2134 ut
1000 2091 1125 2129 contexta.
1135 2075 1207 2129 Illud
1216 2097 1272 2128 ear·

198 2155 269 2208 tialis
282 2156 472 2226 epigrammata
483 2155 510 2208 in
521 2155 649 2208 Earinum
659 2156 709 2219 lx,
754 2157 819 2220 ptt'm
828 2174 930 2226 semper
941 2156 1006 2208 mihi
1015 2155 1153 2208 videbatur
1163 2155 1272 2208 concin-

202 2256 233 2289 1²
243 2274 251 2300 ,
263 2237 292 2288 it,
304 2238 347 2298 13,
357 2248 382 2287 et
393 2241 433 2297 125.
444 2237 548 2299 Nomen
557 2237 626 2307 regis
637 2239 709 2290 Atttt'·
757 2232 867 2286 nitatem
880 2235 961 2306 hujus
975 2234 1027 2287 locl
1042 2235 1150 2299 tollere,
1171 2235 1201 2287 ln
1215 2255 1271 2306 quo

201 2317 273 2378 tart,
282 2315 711 2383 scribituraGraecis:Diurpaneus
759 2323 850 2385 etseq.
864 2317 982 2367 inchoata
997 2326 1023 2368 et
1036 2319 1124 2384 effecta
1137 2315 1185 2368 sibi
1200 2327 1273 2368 recte

201 2408 241 2448 est
251 2396 424 2461 OrosioVII,
439 2414 480 2448 to.
494 2395 528 2448 G.
757 2393 1273 2466 respondent.Laudabamigitur,quum

238 2485 264 2541 4.
276 2480 398 2528 Delirata.
415 2473 542 2547 Attattta
555 2474 671 2546 quadam
685 2486 712 2526 et
759 2471 876 2525 viderem
889 2474 917 2525 in
927 2474 983 2527 aliis
992 2473 1066 2528 libris
1075 2490 1163 2542 carpta
1171 2474 1272 2526 lectum

203 2557 258 2609 sine
278 2555 330 2608 alia
351 2574 461 2618 caussa,
482 2574 563 2624 quam
582 2555 655 2626 quod
675 2554 712 2607 sic
760 2552 850 2607 fuisse.
864 2553 923 2624 [Est
933 2554 1097 2606 haecBarthii
1106 2555 1272 2624 conjectura,

201 2636 321 2708 placeat,
336 2647 464 2706 suscepta.
480 2634 521 2688 Sic
536 2633 633 2705 passim
651 2637 713 2685 deli·
760 2633 859 2686 nullius
872 2633 918 2686 illa
930 2633 992 2687 libri
1005 2635 1162 2686 auctoritate
1173 2634 1271 2711 nitens.

203 2720 254 2767 cias
267 2717 332 2786 poni
340 2753 348 2779 ,
368 2715 562 2789 ubicaprt'ct‘am
574 2713 713 2768 nominant
760 2714 798 2784 S.]
817 2713 868 2766 Sed
884 2732 967 2783 quum
983 2713 1061 2767 altius
1074 2714 1191 2786 inspecto
1211 2713 1272 2766 loeo

202 2793 670 2865 Galliltalique,aliasobservamus
678 2792 712 2846 G.
761 2792 1273 2866 animadverteremincompositoverho

241 2875 266 2928 5.
280 2880 351 2941 Ipso,
365 2876 434 2940 ertjus
452 2891 540 2924 ren...
555 2875 664 2923 dicturus
680 2892 712 2925 es.
761 2888 878 2924 contexta
892 2879 919 2930 τὸ
931 2894 977 2925 ron
991 2874 1151 2941 contrariam
1165 2883 1201 2945 τῷ
1215 2894 1273 2925 car·

203 2955 349 3026 Trajanum
367 2952 395 3002 in
414 2961 502 3022 partes
515 2969 610 3002 vocare
620 2951 713 3021 jubet,
756 2956 822 3020 prim
846 2955 981 3006 notionem
1003 2953 1100 3004 habere
1112 2990 1120 3014 ,
1142 2953 1273 3023 putabam

204 3045 235 3085 ut
252 3031 379 3103 Virgilius
403 3032 569 3101 Augustum,
592 3030 715 3085 Valerius
762 3034 851 3106 ipsum
858 3034 972 3085 Plinium
982 3032 1018 3083 ita
1028 3030 1186 3082 sententiam
1200 3033 1274 3103 cogi·

205 3113 316 3165 Flaccus
323 3110 533 3182 Vespasianum,
544 3109 588 3161 alii
597 3109 662 3165 alios
674 3113 716 3164 in·
762 3125 847 3178 tasse,
866 3124 896 3163 ut
915 3113 1024 3177 carptim¹
1042 3123 1128 3170 texta,
1150 3116 1274 3163 contextis

204 3203 309 3244 vocant.
330 3191 402 3244 Illud
422 3195 560 3241 dictaturus
580 3210 619 3255 es,
640 3184 715 3266 ‘quod
763 3201 923 3266 opponeret,
943 3187 1038 3243 deinde
1057 3207 1120 3242 vero
1136 3187 1275 3244 breiitatis

204 3270 304 3340 liabent
318 3270 428 3340 quidam
441 3268 562 3334 codices,
576 3283 615 3322 est
627 3291 642 3323 a
655 3272 716 3324 bar·
762 3271 846 3344 gratia
857 3269 923 3321 illud
934 3269 1230 3341 priustextaomitteret.
1239 3272 1272 3324 E.

205 3351 272 3403 baro
286 3349 389 3412 seculo,
405 3349 451 3401 ubi
465 3351 664 3402 dictaresolum
679 3364 717 3403 est
763 3350 1007 3421 Haesuntargutiac,
1016 3348 1178 3421 omninoque
1187 3368 1276 3402 vanus

206 3442 355 3483 auctorum.
366 3428 400 3481 G.
417 3460 453 3470 -
471 3431 578 3478 Immitte
591 3432 714 3491 rudentes,
764 3428 852 3494 timor,
865 3448 898 3482 ne
907 3428 971 3498 quid
979 3439 1070 3480 nostra
1080 3427 1157 3480 lectio
1167 3430 1276 3482 concin-

207 3510 304 3581 quibus
315 3509 375 3563 vela
391 3507 576 3570 intenduntur,
590 3520 717 3578 tanquam
764 3508 841 3561 nitati
853 3509 979 3560 orationis
989 3507 1099 3561 officiat.
1110 3508 1205 3562 Similis
1219 3528 1275 3562 me-

205 3609 302 3642 nervos
311 3590 471 3660 navisatque
480 3586 611 3650 tendiues,
620 3589 718 3659 quibus
764 3601 806 3642 tus
815 3588 905 3641 locum
914 3587 1054 3640 Livianum
1063 3587 1170 3640 videtur
1180 3587 1276 3659 depra-

207 3688 238 3720 ea
250 3680 403 3733 moveatur3
421 3666 494 3738 quod
507 3685 579 3719 nunc
593 3670 718 3722 transfert
764 3687 856 3731 rasse,
871 3666 917 3719 lib.
929 3668 1062 3730 XXVIII,
1075 3685 1135 3737 cap.
1154 3668 1201 3731 25,
1222 3687 1274 3721 10:

207 3747 242 3799 ad
258 3746 389 3800 scribendi
405 3746 527 3816 quedam
545 3745 627 3799 initia.
640 3747 718 3800 G.-
765 3751 879 3799 Edictum
894 3750 995 3797 subinde
1006 3748 1177 3814 propositum,
1198 3763 1226 3797 ut
1242 3754 1279 3801 ad

206 3826 304 3898 Virgil.
314 3830 376 3877 AEn.
385 3826 465 3887 VIII,
478 3845 540 3896 707,
554 3846 595 3898 sq.
608 3833 667 3895 Ipsa
678 3833 718 3879 νί-
764 3831 910 3897 stipendium
914 3829 1048 3894 petendum
1057 3827 1210 3876 convenirent
1218 3831 1277 3879 Gar·

208 3909 314 3956 debatur
336 3910 416 3956 ventis
435 3909 522 3974 regina
541 3911 639 3958 vocatis
658 3912 718 3963 Vela
766 3911 907 3976 rhegium,-
927 3925 969 3956 seu
989 3909 1093 3972 carptim
1108 3919 1209 3971 partes,
1233 3927 1277 3959 seu

208 3990 282 4048 darc,
298 4001 322 4036 et
334 3991 406 4037 laxos
414 3989 581 4054 jamjamque
591 3990 720 4038 immittere
766 3988 870 4039 universi
889 3990 997 4037 mallent.
1019 3986 1045 4036 J.
1062 3984 1107 4039 Fr.
1127 3984 1276 4040 Gronovius

203 4070 288 4134 floren
294 4066 454 4138 propiusque
461 4064 495 4117 ad
503 4079 622 4118 nostrum
628 4066 718 4120 locum
765 4066 840 4121 malit
845 4087 894 4136 per
897 4080 988 4134 partes.
997 4066 1083 4118 Immo
1085 4081 1180 4135 partes,
1192 4067 1276 4120 nifal-

208 4148 249 4212 X,
265 4165 329 4217 ²²92
344 4150 407 4199 vetis
418 4149 519 4198 immitte
529 4149 650 4210 rudentes,
664 4165 718 4218 quo
765 4147 818 4212 lor,
831 4143 1019 4201 inducendum.
1030 4146 1058 4201 S.
