2654 4822
158 357 205 427 60
467 359 506 427 C.
533 359 702 428 PLINII
727 359 823 426 LIB.
850 359 914 426 tx.

124 498 139 548 3
158 478 223 548 Sed
241 478 322 573 quid
339 477 488 548 dolorem
506 493 602 547 tuum
621 478 795 549 exulcero?
813 478 1028 573 Quamquam
1046 479 1094 546 sic
1110 479 1228 547 amasti

157 588 339 676 viventem,
355 603 393 657 ut
408 589 479 657 haec
497 589 613 657 audire
627 590 757 683 potius,
771 613 873 684 quam
891 589 932 657 de
951 587 1008 658 illo
1021 587 1110 656 sileri
1128 587 1226 658 velis:

109 792 112 797 ι
158 687 255 766 ame
283 700 484 794 praesertim,
508 699 604 794 cujus
635 699 872 794 praedicatione
898 715 995 794 putas
1026 701 1130 769 vitam
1156 700 1230 794 ejus

158 809 287 892 ornari,
308 810 505 877 memoriam
529 813 724 904 prorogari,
749 811 923 906 ipsamque
948 808 1061 899 illam,
1086 835 1153 906 qua
1179 826 1230 880 est

159 931 295 1012 raptus,
308 932 439 987 aetatem
458 942 554 1013 posse
572 922 715 990 restitui.
727 919 821 991 Vale.

195 1118 221 1170 3.
235 1122 267 1168 Ut
281 1121 333 1170 ἠως
346 1122 433 1170 αιιᾰίνε
441 1123 533 1186 pocius.
548 1119 671 1190 Plerique
718 1121 769 1173 bus
782 1119 902 1173 defuncti
915 1118 1164 1173 commemorandis.
1175 1120 1230 1174 Ge-

159 1196 220 1248 libri
227 1233 235 1258 ‚
250 1211 277 1247 ut
290 1199 437 1264 leopatius,
448 1196 477 1249 id
488 1211 544 1262 est,
556 1211 586 1250 ut
595 1199 670 1251 exul·
718 1198 831 1251 nuinum
843 1198 895 1251 hoc
909 1216 915 1252 :
927 1211 1045 1252 nostrum
1060 1219 1077 1252 a
1089 1200 1231 1270 glossatore

159 1274 242 1327 cerari
255 1273 375 1328 dolorem
388 1289 464 1328 tuum
475 1277 568 1348 potius
582 1277 669 1330 laudi·
718 1278 877 1349 profectum.
885 1277 914 1331 S.

207 1929 296 2002 Quod
309 1929 411 1988 studiis
423 1943 458 1987 et.
467 1927 616 1988 venationi
631 1947 691 1987 non
706 1929 875 2002 conveniat,
890 1930 939 1988 illa
955 1931 1016 1988 sola
1026 1930 1057 1990 in
1071 1950 1183 1990 secessu

552 2025 670 2084 tractari
683 2025 832 2104 siguificat.

408 2244 438 2290 C·
466 2243 646 2292 PLINIUS
671 2244 826 2291 TACITO
850 2245 930 2292 SUO
956 2247 981 2290 S

210 2433 340 2499 Curio
357 2432 531 2525 praeceptis
551 2430 617 2503 tuis
639 2455 775 2524 parere3
794 2430 851 2498 sed
869 2455 1029 2525 aprorum
1050 2445 1145 2501 tauta
1169 2457 1229 2526 pe-

158 2541 260 2607 nuria
281 2555 347 2627 est,
368 2555 406 2609 ut
423 2540 583 2609 Minerva
602 2554 634 2608 et
652 2540 788 2627 Dianae,
810 2564 892 2634 quas
909 2541 957 2608 ais
976 2541 1100 2635 pariter
1119 2540 1230 2610 colen·

160 2652 237 2738 das,
262 2653 438 2720 convenire
458 2677 526 2720 nou
549 2650 664 2745 possit.
689 2654 809 2745 Itaque
827 2650 986 2721 Minervae
1007 2665 1140 2718 tautum
1162 2649 1229 2720 ser·

128 2806 142 2836 2
161 2761 318 2829 viandum
334 2776 404 2845 est3
420 2760 560 2856 delicate
579 2776 711 2846 tamen,
729 2761 818 2828 utin
836 2785 982 2846 secessu,
1000 2765 1231 2830 crassatam

161 2874 214 2940 via
234 2871 331 2966 plane
351 2869 513 2960 nonnulla
532 2870 672 2957 leviora,
691 2870 868 2963 statimque
886 2868 1039 2953 delenda,
1056 2894 1095 2937 ea
1112 2895 1230 2964 garru-

161 2981 271 3069 litate,
292 3007 358 3075 qua
386 3006 553 3050 sermones
578 2983 612 3048 iu
635 2979 789 3049 vehiculo
809 2995 983 3067 seruntur,
1005 2979 1149 3061 extendi.
1172 2981 1232 3048 His

196 3182 672 3255 X.1.Praeeeptistuis.Quumtalequid
721 3180 1232 3252 dataepistolaaliquiddeeo,quodhic

161 3264 314 3335 praeceperit
320 3264 412 3316 Tacito
418 3263 519 3315 Plinius
528 3266 586 3334 ipse
594 3282 673 3333 supra
720 3264 736 3328 S
753 3283 785 3322 a,
801 3260 916 3322 dicitur,
928 3264 993 3310 inter
1005 3280 1114 3310 inemora
1128 3276 1154 3311 et
1168 3265 1233 3311 lucos

161 3342 175 3392 Ι
185 3381 192 3403 ,
203 3345 235 3405 6,
252 3355 316 3394 extr.
334 3343 398 3394 hinc
411 3342 510 3413 colligit
520 3344 655 3394 Catanaeus
665 3381 672 3405 ‚
721 3343 912 3392 commodissime
916 3343 1006 3410 perfici
1010 3349 1150 3406 poemata?
1160 3339 1234 3391 G.-

161 3420 230 3473 hano
242 3440 297 3473 esse
306 3420 407 3482 Taciti,
418 3420 451 3472 ad
460 3421 622 3490 superiorem
632 3440 674 3472 re·
724 3422 855 3469 convenire
869 3439 918 3470 non
930 3421 1018 3486 possit.
1026 3418 1129 3470 Eodem
1146 3417 1234 3470 studio

161 3500 322 3570 spondentis.
336 3499 388 3551 Sed
400 3498 538 3570 probabile
548 3519 601 3552 uon
617 3512 672 3564 est,
722 3497 773 3550 ooli
782 3517 836 3550 nou
847 3498 929 3570 possit
938 3509 1049 3568 utraque
1058 3533 1066 3560 ,
1076 3497 1197 3549 Minerva
1210 3507 1235 3549 et

161 3597 240 3650 unam
248 3577 328 3629 modo
336 3577 487 3648 adoptatam
497 3579 609 3631 alienam
620 3580 674 3650 epi·
722 3576 816 3629 Diana.
829 3579 861 3629 E.

161 3657 254 3708 stolam
269 3677 283 3707 a
303 3656 400 3708 Plinio.
418 3657 492 3722 Quid
513 3657 636 3730 prohibet
657 3678 673 3711 a
759 3677 784 3708 2.
793 3663 824 3706 In
833 3658 887 3707 via.
897 3657 929 3706 In
940 3674 990 3725 qua
1000 3655 1070 3707 serio
1080 3654 1187 3707 studere
1197 3674 1235 3707 so·

161 3736 253 3788 Tacito
263 3735 428 3789 admonitum
437 3737 550 3789 Plinium
563 3756 672 3790 suorum
721 3736 790 3788 lebat
800 3736 890 3787 Nostri
900 3735 1056 3788 avunculus.
1065 3733 1129 3786 Vid.
1141 3735 1197 3797 ΙΠ,
1208 3733 1233 3795 5,

161 3816 242 3884 ipsius
249 3828 439 3886 praeceptorum
447 3856 453 3880 ,
461 3817 504 3869 cui
512 3816 671 3887 hicrcspon-
724 3815 765 3866 15.
777 3816 811 3867 G.
820 3845 856 3854 —
865 3817 983 3866 Extendi.
995 3813 1109 3884 Respicit
1119 3813 1172 3865 hoc
1180 3831 1236 3864 ver·

162 3893 239 3963 dent?
257 3894 329 3959 Quid
346 3893 473 3966 impedit,
491 3895 672 3948 scholasticam
721 3895 784 3946 bum
802 3894 910 3946 uberem
926 3894 999 3945 illam
1015 3898 1041 3945 et
1056 3891 1235 3944 luxuriantem

161 3992 231 4037 esse,
244 3985 267 4025 et
281 3973 471 4026 exercitationis
486 3972 566 4026 modo
580 3994 672 4028 caussa
722 3973 855 4026 scribendi
866 3971 1010 4038 rationem,
1028 3991 1109 4042 quam
1124 3973 1234 4040 garruli·

162 4053 302 4124 scriptam,
319 4053 389 4105 hanc
404 4053 500 4124 pariter
519 4052 672 4124 epistolam,
722 4067 798 4104 tatem
809 4053 887 4105 etiam
898 4064 984 4104 vocat.
996 4051 1039 4103 Sic
1049 4050 1114 4104 Stat.
1122 4049 1189 4102 Silv.
1198 4048 1234 4111 V,

113 4179 118 4185 .
163 4134 291 4186 ctiuultas
308 4133 431 4189 aliaslllt
448 4133 557 4188 ubinam
571 4132 598 4187 iu
615 4135 673 4185 lau·
723 4131 984 4196 3‚22‚1nodosArati
997 4132 1130 4183 extendere
1145 4140 1184 4181 est
1193 4125 1234 4181 vel
