2654 4822
161 368 207 454 54
450 373 487 439 C.
514 373 690 441 PLINII
715 373 811 442 LIB.
838 374 903 440 IX.

115 511 140 562 -3
158 497 238 563 Haee
247 518 310 589 ego
323 508 450 582 tecum,
459 519 534 588 quae
543 495 693 589 quotidie
707 521 856 585 meeum,
866 511 904 565 ut
915 496 1065 566 desinam
1079 522 1232 587 meeum,

158 604 187 672 si
201 604 373 673 dissenties
389 618 427 672 tu
440 628 448 672 ε
463 628 668 698 quamquam
681 630 752 675 non
766 605 956 694 dissenties,
972 621 1011 675 ut
1025 608 1084 702 qui
1099 630 1232 703 semper

158 713 286 783 clarum
303 712 430 807 aliquid
448 728 482 782 et
498 714 687 784 immortale
704 716 885 785 mediteris.
900 716 996 787 Vale.

160 914 187 965 in
205 914 285 966 rebus
302 913 439 980 inanibus,
456 915 561 984 qualem
577 925 672 984 putant
714 920 877 983 praeclarum.
889 955 895 967 .
905 955 912 968 .
923 920 1074 969 meditaris.
1086 917 1120 971 G.
1130 948 1168 959 -
1176 925 1233 969 Me·

159 993 209 1064 ipsi
220 990 347 1063 gloriam,
364 993 400 1045 ita
414 993 558 1046 elaborent.
571 994 672 1066 Nempe
720 998 803 1046 diteris
811 995 1017 1047 Cortioinnullo
1024 996 1093 1048 libro
1102 996 1231 1050 oblatum.

160 1076 247 1123 vilitas
263 1075 303 1123 sui
318 1073 483 1126 conscientiae
499 1075 576 1126 bonae
595 1076 672 1127 famae
720 1072 1031 1127 SedhabentBrummeri
1041 1074 1234 1148 Exceipta;id·

160 1151 283 1222 opposita
299 1164 338 1204 est
349 1169 356 1203 ε
367 1153 414 1223 qui
432 1153 483 1204 sibi
500 1153 557 1224 ipse
572 1152 631 1208 vilis
646 1167 672 1206 et
720 1172 773 1224 que
782 1157 842 1227 jure
851 1154 965 1226 pretulit
974 1153 1119 1210 Gesnerus.
1130 1155 1234 1208 Plinius

161 1229 347 1282 contemtibilis
357 1231 471 1296 videtur,
482 1232 549 1304 quid
560 1232 593 1286 de
606 1233 671 1285 alio·
720 1232 757 1296 V,
770 1233 796 1296 5,
812 1240 828 1297 4
841 1252 847 1286 :
860 1259 872 1280 ι
880 1234 935 1299 Qui
945 1251 1009 1288 vero
1026 1245 1143 1303 posteros
1160 1235 1233 1305 cogi-

160 1327 222 1360 rnm
229 1308 337 1379 judiciis
346 1311 524 1381 exspectabit?
533 1314 568 1365 G.
720 1323 792 1376 tant,
803 1323 830 1365 et
838 1311 991 1365 memoriam
1000 1312 1042 1364 sui
1053 1312 1179 1384 operibus
1189 1331 1233 1365 ex·

198 1388 224 1440 3.
236 1391 348 1439 Clarum.
356 1430 362 1442 .
370 1393 512 1443 mediteris
523 1392 673 1464 Utrumque
721 1391 848 1458 tendunt,
857 1388 899 1445 his
913 1392 986 1444 nulla
996 1409 1068 1443 mors
1077 1410 1131 1443 non
1139 1409 1234 1462 repen·

162 1486 178 1520 e
190 1468 268 1521 bonis
283 1468 359 1521 libris
376 1468 448 1541 apud
463 1470 584 1523 Cortium
595 1490 601 1524 :
612 1472 674 1523 licet
721 1471 777 1524 tina
786 1483 841 1536 est,
852 1484 882 1523 ut
894 1489 953 1544 quae
964 1490 1068 1541 semper
1082 1467 1234 1524 inchoatum

163 1547 207 1600 ille
224 1546 298 1620 prius
315 1559 418 1602 tantum
432 1549 569 1620 receperit.
589 1549 672 1621 Vulg.
723 1550 984 1623 aliquid'abrumpat.
996 1551 1044 1605 »8.

208 2174 333 2228 Excusat
358 2171 535 2242 orationem,
560 2190 647 2249 (luam
668 2171 769 2242 mittit,
795 2185 932 2249 tanquam
954 2172 985 2228 in
1009 2172 1199 2229 universitate

387 2266 598 2344 longissimam,
616 2266 816 2325 brevissimam
831 2268 862 2325 in
878 2267 1017 2346 partibus.

369 2476 400 2521 c.
428 2476 606 2522 sumtus
631 2477 837 2524 Macareo
863 2454 879 2485 ⁴*
904 2478 985 2524 sno
1012 2479 1038 2523 s.

219 2660 424 2743 Vastauna,
445 2680 489 2724 ne
511 2655 725 2725 immodicam
751 2657 937 2725 orationem
961 2671 1119 2750 putares,
1137 2681 1239 2749 quam

171 2790 248 2835 cum
278 2765 343 2834 hac
369 2764 510 2859 epistola
535 2767 693 2859 accipies,
716 2767 780 2835 nisi
815 2781 901 2835 esset
933 2768 1064 2860 generis
1089 2767 1178 2859 ejus,
1204 2781 1243 2833 ut

170 2900 256 2970 saepe
276 2875 441 2968 incipere,
459 2900 544 2969 saepe
565 2875 715 2944 desinere
729 2877 891 2946 videatur.
911 2879 1000 2945 Nam
1020 2874 1159 2969 singulis
1175 2876 1243 2943 cri·

138 3018 152 3049 2
170 2986 318 3056 minibus
341 2985 479 3079 singulae
497 2986 590 3056 velut
607 3012 729 3057 caussas
751 2989 979 3056 continentur.
996 2986 1126 3054 Poteris
1143 3009 1242 3078 ergo,

171 3098 396 3191 undecunque
418 3099 597 3192 inceperis,
616 3099 809 3192 ubicunque
826 3096 980 3179 desieris,
994 3120 1069 3189 quae
1085 3095 1245 3188 deinceps

172 3223 372 3301 sequentur,
389 3223 421 3277 et
440 3210 534 3302 quasi
555 3208 749 3303 incipientia
769 3209 897 3302 legere,
914 3222 948 3275 et
964 3207 1058 3301 quasi
1076 3205 1245 3275 cohaeren-

172 3318 235 3403 tia3
249 3343 367 3411 meque
391 3320 427 3386 in
445 3321 662 3388 universitate
683 3319 932 3413 longissimum,
956 3318 1190 3386 brevissimum
1210 3318 1246 3382 in

173 3426 323 3518 partibus
337 3427 500 3520 judicare.
514 3429 608 3498 Vale.

208 3627 326 3679 IV.*De
340 3632 454 3678 Macrino
465 3627 519 3681 vid.
534 3626 568 3679 ad
584 3629 682 3700 II,ep.
781 3649 804 3682 1.
826 3635 987 3682 Immodicam
1011 3631 1158 3680 orationem.
1178 3627 1247 3678 Eam

174 3717 205 3770 73
217 3697 269 3762 HI,
279 3716 321 3768 eP·
334 3704 350 3762 ll
361 3716 369 3761 ἱ
381 3698 446 3762 VH,
459 3717 502 3770 θΡ·
514 3700 541 3763 ⁶,
555 3717 595 3751 10.
608 3701 660 3751 ΕΙ)-
734 3709 815 3773 forte,
827 3708 1019 3780 dequasupra,
1028 3707 1086 3770 ΙΙΙ,
1097 3723 1126 3774 9,
1136 3706 1171 3759 G.

464 3911 966 3948 -——-eooo-———-
