2654 4822
438 362 706 431 EPISTOLA
731 364 796 430 IV.
1132 360 1151 430 5

78 566 1140 592 wwutmwwvwmwtmmmwwwwwwmmwwmwnmsuum

577 766 654 904 IV?

69 1002 192 1060 Bellum
202 1000 341 1065 Dacicum
355 1000 501 1077 scripturo
514 999 645 1056 stimulos
657 997 752 1069 addit,
766 1011 796 1055 et
808 999 845 1056 de
860 999 1008 1058 flectendis
1020 999 1152 1061 barbaris

411 1093 577 1153 nominibus
592 1094 743 1152 consilium
760 1094 817 1152 dat.

304 1317 332 1362 c.
359 1313 539 1361 risurus
564 1312 749 1360 cimmo
774 1288 789 1317 *
815 1314 893 1359 suo
919 1315 947 1360 s.

128 1509 295 1574 Omna
312 1502 406 1586 facis,
426 1501 518 1595 quod
536 1499 660 1568 bellum
679 1502 842 1570 Dacicum
864 1503 1008 1571 seribere
1030 1530 1149 1598 paras:

74 1640 160 1683 nam
189 1639 262 1708 quae
282 1629 349 1682 tam
367 1637 498 1699 reeens,
517 1626 585 1680 tam
608 1611 758 1705 copiosa,
779 1626 845 1680 tam
865 1611 948 1696 lata,
967 1640 1041 1708 quae
1059 1616 1151 1684 deni·

74 1747 147 1816 que
173 1737 242 1791 tam
265 1723 410 1815 poetica,
428 1737 461 1790 et
478 1723 687 1819 (quanquam
707 1721 741 1788 in
759 1721 936 1791 verissimis
951 1725 1065 1819 rebus)
1082 1741 1151 1794 tam

75 1831 234 1901 fabulosa
245 1830 666 1900 materialDicesimmissa
677 1831 774 1899 terris
782 1856 869 1899 nova
879 1832 1033 1919 flumina,
1046 1861 1151 1905 novos
1170 1871 1184 1901 α

75 1957 202 2036 pontes
218 1941 414 2009 fluminibus
431 1942 589 2034 injectos,
605 1942 725 2009 insessa
741 1942 857 2009 castris
873 1944 1038 2012 montium
1053 1946 1150 2015 abru-

75 2069 156 2147 pta,
168 2052 308 2147 pulsum
328 2053 436 2147 regia,
454 2051 587 2146 pulsum
600 2053 701 2119 etiam
710 2052 792 2137 vita,
809 2076 921 2146 regem
935 2053 1018 2125 nihil
1036 2053 1151 2148 despe-

76 2180 225 2232 rantem.
248 2165 356 2257 Super
378 2164 466 2251 haeo,
485 2177 576 2231 actos
597 2163 648 2231 bis
666 2163 855 2257 triumphos
874 2191 881 2230 :
901 2189 1044 2256 quorum
1069 2165 1151 2234 alter

76 2300 119 2344 ex
140 2274 265 2342 invicta
285 2287 383 2367 gente
401 2273 547 2367 primus,
567 2271 651 2340 alter
670 2273 870 2340 novissimus
888 2271 963 2341 fuit.
981 2276 1075 2356 Una,
1094 2276 1150 2347 sed
1170 2299 1185 2351 3

76 2384 242 2471 maxima,
256 2381 458 2470 difficultas,
475 2381 565 2475 quod
579 2382 649 2450 haec
668 2406 799 2475 aequare
816 2382 972 2468 dicendo,
991 2385 1150 2473 arduum,

76 2496 299 2582 immensum,
313 2493 415 2562 etiam
432 2507 491 2561 tuo
502 2492 649 2587 ingenio,
659 2517 853 2586 quanquam
869 2492 1027 2562 altissime
1036 2496 1151 2563 adsur-

78 2617 141 2699 gat
152 2619 187 2672 et
200 2601 410 2695 amplissimis
429 2603 587 2696 operibus
602 2604 775 2671 increscat.
797 2603 988 2672 Nonnullus
1003 2620 1035 2672 et
1049 2606 1084 2673 in
1095 2605 1152 2674 illo

77 2715 195 2802 labor,
211 2729 251 2782 ut
269 2713 413 2782 barbara
432 2728 466 2784 et
484 2713 553 2782 fera
571 2714 724 2800 nomina,
742 2714 776 2780 in
796 2714 913 2807 primis
930 2715 1017 2807 regis
1035 2717 1152 2808 ipsius,

78 2827 198 2922 graecis
219 2826 371 2901 versibus
392 2851 462 2893 non
483 2825 656 2894 resultent.
686 2823 752 2895 Sed
772 2823 855 2892 nihil
878 2839 942 2908 est,
966 2825 1057 2917 quod
1083 2812 1187 2898 nona

114 3028 157 3079 IV
159 3067 167 3080 .
175 3027 189 3054 *
201 3027 241 3078 De
253 3029 357 3078 Caninio
370 3036 448 3096 poeta
460 3024 593 3091 comensi,
641 3043 676 3077 ne
688 3023 723 3076 de
735 3023 796 3076 loeo
807 3024 916 3095 quidem
929 3011 985 3096 ejus
1002 3026 1062 3076 satis
1073 3025 1153 3079 hodie

77 3106 136 3159 vid.
147 3107 259 3177 Argum.
273 3107 303 3169 Ι,
318 3125 360 3175 ep.
376 3107 401 3159 3.
419 3105 469 3158 En.
641 3115 777 3167 constare,
796 3103 944 3155 doleamus.
964 3101 1102 3174 Quidquid
1119 3105 1153 3158 de

118 3204 144 3238 ι.
162 3188 292 3236 Dacicum.
311 3187 377 3234 Daci
395 3194 512 3245 terram,
536 3200 594 3253 qun
641 3181 683 3234 his
695 3183 774 3236 rebus
788 3182 879 3243 scimr‚
894 3201 910 3233 a
922 3181 979 3234 solo
991 3184 1045 3234 fere
1058 3184 1153 3255 Xiphi-

77 3263 267 3318 Transilvania
278 3262 359 3315 hodie
372 3273 483 3316 vocatur
495 3260 594 3313 incole·
641 3261 712 3325 lino,
736 3273 762 3314 at
782 3280 837 3331 quo
858 3260 988 3315 homine?
1009 3263 1167 3334 petendum,
1181 3271 1191 3295 ·“

77 3347 156 3398 bant.
170 3345 224 3396 En.
643 3361 713 3404 esse,
727 3352 848 3393 constat:
863 3351 938 3393 tanto
954 3342 1039 3413 major
1049 3347 1154 3415 jactura

38 3442 42 3449 ·
116 3445 145 3475 n.
158 3425 435 3495 Immissa....flamina.
446 3422 564 3472 Primum
579 3439 595 3472 a
642 3421 669 3473 in
685 3420 791 3473 Caninii
803 3420 913 3472 historia
927 3420 997 3472 faeta
1011 3433 1058 3473 est.
1071 3421 1106 3473 G.
1122 3454 1154 3462 —

78 3503 231 3567 Decebalo,
246 3501 293 3573 qui
306 3520 398 3554 averso
414 3500 530 3571 Sergetiu
544 3498 594 3550 flu-
643 3504 725 3568 Regiae
741 3500 837 3571 prioris
859 3499 1091 3570 Sarmizegethusae
1109 3521 1154 3553 ru-

79 3583 168 3648 mine,
180 3582 229 3643 sub
239 3581 296 3652 ipso
306 3580 381 3643 alveo
390 3579 528 3632 thesauros
538 3578 595 3630 abs·
643 3577 706 3630 dera
720 3577 799 3632 hodie
811 3578 925 3632 ostendit
935 3580 1006 3657 uicus
1015 3580 1133 3652 Varhely
1146 3600 1153 3634 :

78 3657 596 3731 conderet,flumenquedeiudereduxe·
643 3658 772 3728 posterior
787 3658 821 3711 ad
832 3663 969 3727 Surgetiam
980 3658 1075 3725 (hodie
1083 3665 1155 3730 Syul)

79 3738 419 3810 ratzdeindeaTrajano‚
429 3738 476 3809 qui
485 3734 596 3789 eruendi
644 3739 753 3789 fluvium
774 3739 824 3791 sita
846 3752 920 3800 erat,
944 3737 1017 3798 haud
1039 3738 1116 3810 longe
1139 3759 1154 3791 a

81 3838 177 3875 caussa
194 3817 307 3872 similem
320 3835 429 3887 operam
446 3816 594 3886 impendit:
645 3818 714 3869 saltu
724 3817 842 3875 Vollian.
855 3818 931 3871 Hane
944 3817 1078 3869 Dacorum
1092 3838 1155 3890 pro·

81 3900 157 3972 quod
173 3897 255 3952 tradit
272 3915 304 3950 ex
319 3896 410 3948 Dionis
429 3895 475 3947 lib.
494 3897 595 3959 LVIII,
645 3915 733 3959 ceres,
750 3898 830 3949 rebus
845 3896 944 3959 diffisi,
963 3895 1013 3965 ipsi
1030 3897 1160 3949 incende·'
1248 3888 1251 3901 ¹

80 3979 253 4051 Xiphiliuus,
277 3978 323 4048 qui
345 3975 443 4028 ibidem
464 3974 497 4027 de
517 3987 596 4045 ponte
644 3986 717 4028 runt.
731 3977 784 4028 En.
999 3966 1003 3973 ¹
1125 3972 1127 3977 ’

81 4059 192 4130 Trajani
212 4058 250 4109 ita
271 4066 480 4118 commemorat,
500 4067 529 4106 ut
548 4055 596 4107 ad·
682 4056 707 4108 3.
720 4060 830 4107 Versibus
842 4076 891 4105 non
902 4060 1023 4107 resultent.
1037 4057 1096 4107 Non
1111 4059 1156 4124 pa·

81 4138 204 4202 mirabile
220 4154 290 4208 opus
307 4136 388 4189 fuisse
403 4134 594 4206 intelligamus:
646 4136 745 4188 riantur
758 4154 785 4191 se
800 4135 929 4195 inversus
943 4134 1045 4205 redigi,
1062 4132 1107 4186 sed
1117 4153 1156 4186 re·
