2654 4822
459 368 726 438 amarunt
751 370 792 437 v.
1134 377 1155 469 't

82 496 172 566 Scio.
196 497 314 586 ltaque
332 499 400 560 'cta
419 515 471 560 mc
488 491 744 559 aestimabuntur
763 504 801 559 ut
817 504 943 585 coepta,
960 494 1157 586 spectabun-

81 621 142 675 tur
155 608 199 674 ut'
210 605 637 697 membra‚ertremamque
649 601 762 670 limam
777 616 870 670 tuam
883 603 1103 695 opperientur
1120 606 1156 674 in

81 717 344 807 scrinionostm.
366 717 484 781 Patere
493 712 966 807 hocmes'uperceterahabere
975 716 1099 782 amoris
1107 717 1156 784 tui

79 827 226 920 pignus,
243 839 281 892 ut
299 849 336 893 ea
353 848 490 918 quoquc
506 825 634 912 norim,
655 848 728 918 quae
745 848 843 892 nosse
852 825 1026 893 neminem
1042 824 1154 895 velles.

79 940 122 1005 In
136 960 282 1018 summa,
297 949 416 1028 potero
430 934 570 1003 fortasse
584 937 708 1029 scripta
720 949 777 1002 tua
792 937 898 1030 magis
912 935 1071 1028 probare,
1086 934 1155 1005 lau·
1175 946 1190 996 8

80 1047 183 1136 darc,
203 1061 331 1141 quanto
350 1046 408 1115 illa
426 1045 555 1114 tardius
572 1046 787 1140 cautiusqu03
808 1045 866 1114 scd
878 1046 988 1138 ipsum
1001 1060 1033 1113 te
1047 1048 1154 1141 magis

79 1156 220 1243 amabo,
239 1157 412 1249 magisque
439 1154 600 1243 laudabo,
623 1171 751 1250 quanto
770 1155 910 1225 celerius
930 1170 965 1224 et
986 1156 1153 1226 incautius

78 1266 224 1334 miseris.
243 1265 336 1336 Vale.
1075 1272 1080 1279 “

117 1490 155 1503 -
170 1465 332 1530 opperientur
350 1466 375 1515 in
396 1467 486 1515 scrinio
500 1479 593 1516 nostro.
643 1464 704 1516 licet
727 1466 846 1518 carmina
869 1463 990 1517 nondum
1014 1465 1151 1530 absoluta,

77 1541 226 1611 Quomodo
235 1542 325 1594 limam
336 1540 595 1597 adhibereCaninius
642 1543 690 1597 aed
711 1542 834 1597 inchoata
855 1555 881 1596 et
899 1544 1062 1616 imperfecta.
1077 1535 1153 1598 'Hinc
1236 1540 1239 1553 '

62 1634 187 1696 poterat
206 1621 320 1674 carmini
339 1623 430 1676 latenti
450 1623 477 1674 in
498 1623 595 1676 scrinio
643 1642 704 1676 mox
714 1623 792 1690 dicit,
808 1643 836 1676 se
846 1625 930 1694 magis
941 1635 1092 1676 amaturum
1105 1626 1153 1678 Ca·

76 1701 176 1755 Plinii?
184 1700 216 1754 E.
228 1702 323 1773 Inepta
329 1703 448 1772 quaestio.
455 1702 594 1756 Secundus
642 1701 760 1768 ninium,
775 1704 797 1756 si
807 1707 906 1754 celerius
917 1718 942 1754 et
949 1706 1071 1755 incautius
1081 1708 1152 1754 mise·

77 1781 146 1852 petit
161 1781 311 1851 exemplum
325 1781 466 1845 carminis,
481 1781 553 1853 quod
567 1802 594 1835 se
643 1784 692 1842 rit‚·
711 1781 762 1835 hcc
780 1780 849 1834 enim
867 1782 954 1854 ipsum
974 1781 1040 1851 iilud
1057 1783 1151 1854 pignus
1232 1773 1241 1783 ’

77 1861 108 1913 in
122 1860 220 1913 scrinio
234 1873 460 1922 suo-servaturum
474 1881 594 1915 naccum
643 1861 740 1914 amoris
753 1874 809 1914 est:
825 1873 895 1915 certe
909 1860 1151 1917 est'documeutum

76 1956 218 2012 qucquam
225 1941 482 1994 communicaturum
487 1942 596 2014 promit·
643 1939 706 1992 fidei
719 1951 745 1993 et
757 1942 885 1993 amicitiai.
900 1942 932 1993 E.

77 2019 130 2081 tir,
152 2017 237 2072 donec
259 2020 388 2072 Caninius
407 2031 552 2074 extremam
571 2023 595 2074 ei
679 2021 705 2073 8.
720 2025 817 2085 Quanto
834 2024 878 2070 illa
893 2022 989 2073 cardius
1000 2023 1149 2087 cautiusque.

75 2097 171 2150 limam
185 2098 345 2151 adhibuerit.
358 2099 385 2152 S.
641 2101 710 2153 Nam
722 2118 776 2170 quo
790 2099 890 2152 tardius
901 2099 1036 2162 mittebat,
1051 2118 1083 2152 eo
1093 2099 1151 2153 dili·

43 2239 50 2245 ,
114 2207 151 2217 -
165 2182 431 2242 Quaenosscneminem
440 2182 523 2231 velles.
536 2177 592 2232 Sci·
640 2180 743 2250 gentius
757 2178 896 2232 emendata
912 2191 995 2232 erant.
1011 2179 1043 2230 E.

90 2377 1138 2401 ΜΜΜΜΜΜΜΜΜΜΜΜΜὶἋΜΜΜΜἋὶΜἋὶ

531 2564 641 2650 Ὺ.

75 2783 244 2842 Macrinum
255 2787 358 2844 uxoris
367 2788 552 2848 sanctissimae
563 2787 647 2847 obitu
661 2788 977 2868 gravissimumvuinus
988 2792 1148 2868 accepisse,
1209 2828 1212 2834 -

200 2882 299 2942 dolet:
318 2882 448 2942 breviter
461 2897 490 2943 ct
499 2904 568 2944 vere
581 2886 618 2943 ad
631 2886 779 2964 ingenium
793 2886 960 2946 humanum·
977 2891 1030 2946 En.
1089 2925 1091 2928 -

298 3088 337 3139 ’0.
363 3094 543 3141 PLINIUS
570 3096 761 3145 GEMINIO
787 3097 866 3143 SUO
892 3098 920 3142 S.

130 3272 274 3340 Gnava
299 3270 419 3341 vulnus
439 3274 613 3342 Macrinus
635 3288 749 3342 noster
766 3275 915 3368 accepit:
935 3277 1047 3345 amisit
1067 3302 1148 3346 uxo·

77 3407 151 3450 rem
170 3381 350 3476 singularis
372 3384 533 3478 exempli,
552 3385 653 3453 etiam
672 3386 699 3453 si
716 3383 795 3453 olim
812 3375 949 3455 fuisset:
968 3386 1055 3455 vixit
1071 3413 1147 3456 cum

76 3493 144 3560 hac
159 3493 300 3586 triginta
314 3518 434 3562 novem
450 3496 565 3581 annis,
580 3496 651 3563 sine
662 3495 790 3588 jurgio,
800 3496 871 3563 sinc
881 3494 1018 3564 offensa.
1035 3498 1148 3585 Quam

76 3600 135 3670 illa
153 3602 376 3672 reverentiam
394 3605 515 3673 marito
532 3630 592 3673 suo
612 3605 783 3698 praestitit,
801 3630 879 3674 cum
898 3607 1148 3700 ipsasummam

75 3709 279 3782 mereretur!
303 3713 399 3804 Quot
419 3727 627 3809 quantasque
646 3714 806 3803 virtutes,
824 3742 864 3785 ex
881 3716 1017 3787 diversis
1039 3720 1147 3788 aetati-

115 3911 151 3962 V.
162 3911 370 3966 aeoniuscum
378 3911 478 3967 Medic.
490 3918 595 3966 Gemino
641 3912 785 3968 Salinatore
807 3915 871 3968 dixit
889 3916 946 3980 VI,
971 3922 1017 3980 26,
1040 3937 1070 3987 1,
1086 3941 1150 3987 puer

76 3990 309 4062 inscripsit-Dc
320 3997 434 4045 Macrino
444 3993 546 4048 dictum
559 3992 595 4047 ad
641 3998 810 4062 simplicitate,
826 4001 941 4049 comitata
950 4002 1058 4067 juvenis,
1075 4020 1149 4050 senex

76 4071 123 4137 Π,
136 4089 180 4143 ep.
191 4089 219 4140 7.
233 4073 286 4126 En.
640 4080 777 4144 gravitate,
791 4077 938 4131 observavit
955 4093 1013 4152 post
1028 4079 1148 4132 Buchne·

116 4156 205 4203 -Eac
221 4154 321 4207 diversis
335 4157 459 4208 auctus.
476 4152 549 4208 Sicut
562 4153 595 4209 de
643 4175 704 4210 rum
712 4156 850 4210 Cellarius.
863 4156 896 4210 G.
