2654 4822
220 339 266 426 34
501 333 1000 405 summissurus.

215 465 375 546 haustus,
393 461 518 554 premit
541 457 661 544 valles,
682 459 811 525 innatat
834 459 979 551 campis3
999 481 1133 552 quaque
1150 457 1292 552 planum

215 574 342 653 solum,
364 597 427 666 pro
448 569 518 639 solo
541 570 701 638 cernitur.
723 569 823 658 Inde,
843 594 916 662 quae
938 568 1021 637 solet
1040 569 1179 637 flumina
1202 573 1291 641 acci·

213 711 311 780 pere,
322 700 354 752 et
368 683 529 777 permista
544 681 719 767 devehere,
729 677 821 747 velut
832 679 951 747 obvius
965 694 1056 747 retro
1067 681 1172 774 cogit3
1186 696 1292 774 atque

109 856 112 869 .
179 812 194 864 3
213 797 260 863 ita
274 795 390 863 alienis
407 793 501 886 aquis
516 792 627 884 operit
643 815 755 886 agros,
769 815 852 884 quos
871 791 942 883 ipse
959 815 1027 857 non
1045 791 1162 883 tangit.
1181 793 1290 881 Anio,

216 904 473 974 delicatissimus
496 903 665 989 amnium,
682 902 824 996 ideoque
845 902 1074 994 adjacentibus
1090 900 1178 971 villis
1196 902 1291 973 velut

218 1017 378 1083 invitatus
402 1027 635 1106 retentusque,
657 1036 779 1106 magna
802 1036 842 1079 ex
867 1027 962 1105 parte
988 1033 1141 1097 nemora,
1163 1013 1290 1104 quibus

203 1126 447 1209 inumbratur,
462 1123 563 1217 fregit
579 1139 613 1191 et
629 1125 758 1216 rapuit:
775 1123 907 1192 subruit
920 1138 1066 1211 montes,
1081 1138 1116 1191 et
1131 1122 1290 1193 deciden-

211 1238 296 1302 tium
314 1234 400 1303 mole
416 1233 569 1328 pluribus
585 1231 667 1338 loeis
681 1233 829 1318 clausus,
847 1234 928 1301 dum
943 1234 1102 1311 antissum
1118 1235 1182 1302 iter
1198 1259 1288 1327 quae·

211 1347 272 1430 rit,
292 1344 426 1439 impulit
442 1359 547 1429 tectu,
562 1368 600 1411 ac
619 1368 653 1410 se
668 1369 768 1437 super
781 1345 896 1412 ruinas
911 1344 1021 1412 evexit
1034 1358 1135 1436 atque
1152 1342 1285 1411 extulit.

175 1461 191 1518 l
211 1455 380 1523 Viderunt
401 1455 453 1542 hi,
469 1479 552 1547 quos
574 1454 812 1524 excelsioribus
831 1457 928 1524 terris
946 1453 1000 1523 illu
1019 1468 1197 1548 tempestas
1215 1479 1288 1523 non

210 1566 447 1660 deprehendit,
467 1565 547 1633 alibi
560 1554 712 1633 ¹divitum
731 1581 928 1661 apparatus,
942 1580 975 1633 et
993 1589 1128 1658 gravem
1147 1564 1285 1657 suppel-

209 1676 373 1765 lectilem,
396 1677 476 1746 alibi
500 1675 722 1744 instrumenta
745 1677 851 1762 ruris;
872 1677 919 1745 ibi
942 1677 1058 1760 boves,
1079 1689 1206 1760 aratra,
1231 1701 1284 1744 re-

209 1802 334 1875 ctores,
349 1788 404 1854 hic
423 1786 532 1855 soluta
551 1803 584 1855 et
600 1786 705 1854 libera
724 1800 891 1869 armenta3
910 1800 1010 1878 atque
1030 1787 1117 1853 inter
1135 1786 1207 1854 haec
1226 1810 1282 1854 ar-

208 1899 332 1967 borum
347 1913 500 1985 truncos,
515 1913 572 1966 aut
586 1897 742 1965 villarum
759 1897 870 1966 trabes
887 1893 1000 1991 [atque
1013 1893 1174 1992 culmina]
1190 1897 1284 1967 varie

98 2095 107 2119 '
174 2021 188 2072 t
209 2008 340 2104 lateque
367 2010 544 2078 fluitantia.
566 2011 616 2078 Ae
636 2034 680 2077 ne
702 2007 758 2076 illa
782 2007 916 2101 quidem
939 2006 1012 2074 loca
1032 2005 1121 2075 mulo
1142 2031 1281 2076 vacave-

207 2134 305 2208 runt,
324 2120 366 2189 ad
388 2145 461 2214 quae
480 2145 550 2187 non
565 2119 715 2187 ascendit
732 2119 848 2186 amnis.
875 2119 960 2188 Nam
977 2141 1040 2210 pro
1055 2141 1153 2184 amne
1173 2117 1282 2186 imber

241 2326 276 2334 -
283 2301 355 2345 Retro
365 2297 439 2362 cogit.
449 2295 535 2364 AEque
547 2293 652 2363 elegans
662 2303 717 2356 est,
767 2290 880 2344 excludit
890 2329 897 2353 ‚
912 2302 938 2344 et
947 2308 1004 2361 quae
1016 2291 1112 2343 similia
1122 2303 1194 2345 sunt.
1203 2293 1236 2345 E.
1244 2323 1280 2333 -

206 2371 279 2442 quod
302 2390 339 2423 ex.
353 2371 475 2424 Mediceo
498 2370 571 2423 dedit
594 2372 716 2434 Cortius,
766 2373 965 2422 Delicatissimus.
990 2370 1124 2440 Choaspes
1143 2374 1279 2422 delicatam

205 2455 288 2502 sistere
300 2454 374 2519 cogit.
391 2451 434 2503 Sic
446 2450 537 2521 paullo
550 2461 609 2521 post
622 2448 716 2512 habet,
766 2450 861 2502 vehere
871 2469 964 2517 aquam
973 2448 1070 2502 dicitur
1083 2449 1176 2514 Quint.
1184 2449 1285 2504 Curtio¹

204 2550 231 2579 se
245 2549 317 2597 siper
331 2532 417 2579 ruinas
434 2532 517 2596 ejecit,
538 2547 586 2599 pro
604 2528 717 2580 aliorum
764 2527 1278 2600 V‚11,9.Aeumeninhoc‚sedsophista

206 2612 292 2661 erexit.
299 2608 361 2660 Haec
368 2608 432 2660 talia
442 2619 513 2671 sunt,
521 2618 561 2671 ut,
572 2607 645 2679 quod
653 2619 717 2677 prae-
766 2606 833 2660 illud
843 2607 972 2679 dignum,
985 2606 1057 2679 quod
1070 2609 1157 2660 amnis
1166 2621 1222 2661 tam
1233 2608 1278 2660 de·
1298 2620 1300 2625 '

204 2689 303 2749 ieram,
319 2707 374 2739 non
391 2688 542 2749 inveniam,
561 2706 591 2739 ac
607 2684 717 2757 proinde
740 2682 743 2688 ’
765 2687 875 2752 lieatus,
903 2699 933 2739 ut
954 2686 1105 2758 adjacentes
1128 2706 1190 2739 enm
1208 2687 1277 2741 villae

204 2787 235 2820 ex
249 2764 389 2820 interdicto
403 2771 440 2816 uti
449 2770 593 2834 possidetis,
610 2765 716 2818 interim
765 2767 877 2818 invitent
886 2778 912 2818 et
920 2766 1063 2828 retineant,
1072 2785 1144 2819 nunc
1153 2785 1275 2833 nemora,

205 2866 281 2919 agere
293 2847 437 2898 statuerim.
450 2846 484 2898 G.
765 2845 861 2916 quibus
868 2845 1166 2916 inumbretur‚fregerit,
1173 2859 1277 2899 montes

241 2927 266 2977 3.
282 2929 347 2975 Anio
352 2963 461 2977 .......
472 2928 567 2977 extulit.
581 2925 646 2979 Sunt
659 2925 715 2978 haec
763 2926 910 2993 subruerit,
924 2938 973 2978 ete.
984 2926 1010 2978 S.

204 3007 309 3067 omnia,
323 3015 349 3056 et
360 3004 476 3075 plurima
491 3005 542 3056 alia
558 3005 586 3056 in
599 3005 650 3057 hac
661 3006 715 3076 epi·
801 3017 826 3064 t.
841 3013 978 3073 Tempestas
990 3025 1039 3055 aon
1050 3007 1215 3071 deprehendit.
1226 3012 1276 3056 De-

204 3087 283 3147 stola‚
296 3083 473 3137 elaboratiores
484 3095 510 3158 et
520 3084 714 3155 splendidiora,
759 3089 911 3154 prehendere
916 3104 972 3139 esse
978 3086 1138 3156 opprimere,
1147 3096 1275 3156 tanquam

203 3184 284 3236 quam
299 3175 443 3232 exspectes.
454 3164 548 3215 Omnis
561 3164 668 3234 epistola
677 3175 715 3218 est
763 3166 791 3217 in
812 3164 948 3234 decipula,
970 3175 1031 3216 ante
1049 3165 1220 3216 observatum
1240 3163 1275 3217 ad

204 3244 283 3296 chriae
293 3259 375 3311 quam
386 3243 499 3314 epistolae
514 3243 640 3306 similior;
655 3257 681 3296 et
692 3245 715 3296 si
764 3244 846 3308 VIII,
860 3252 902 3310 πά,
915 3245 939 3297 3.
951 3243 1089 3308 Quosdam
1101 3247 1275 3296 excelsioribus

204 3341 235 3375 ex
249 3322 323 3375 nulla
339 3324 389 3375 alia
406 3335 523 3394 pateret,
537 3323 652 3375 Plinium
666 3323 715 3374 has
763 3327 834 3383 locu,
855 3325 907 3376 hoc
924 3336 978 3385 est,
998 3334 1104 3394 propter
1123 3322 1151 3375 id
1168 3323 1274 3394 ipsum,

204 3402 326 3472 epistolas
342 3403 374 3454 de
392 3401 522 3455 industria
539 3413 564 3454 et
582 3405 715 3473 sicutipse
761 3402 834 3474 quod
853 3403 1037 3456 excelsioribus
1053 3403 1081 3454 in
1102 3401 1167 3455 locis
1184 3423 1274 3456 versa·

203 3481 352 3550 scripsisse,
371 3481 492 3551 profecto
511 3500 541 3532 ex
554 3480 605 3532 hac
619 3480 714 3533 intelli·
761 3493 863 3547 rentur,
873 3501 928 3535 non
941 3482 1070 3553 oppressit
1078 3494 1229 3553 tempestas.
1238 3483 1275 3536 Hi

202 3571 313 3630 geretur.
343 3562 473 3614 Ceterum
504 3579 586 3631 quum
614 3559 713 3612 Plinius
762 3560 1273 3632 observarealiorumstragesetnurrare

202 3639 329 3692 Anienem
340 3644 539 3690 delicatissimum
547 3640 665 3690 amnium
676 3638 715 3690 di·
762 3651 881 3711 possunt.
896 3641 1032 3694 Servanda
1040 3660 1137 3712 nempe
1148 3643 1273 3697 omnibus

201 3719 250 3778 xit,
267 3719 375 3771 virtutes
393 3721 457 3770 tales
474 3720 602 3789 cogitasse
619 3731 714 3788 putan-
762 3718 847 3772 modis
858 3732 896 3773 est
906 3721 1027 3792 negativa
1035 3721 1178 3793 particula,
1190 3741 1273 3794 quam

202 3795 252 3849 dus
263 3810 317 3863 est,
334 3818 393 3869 quae
407 3817 468 3850 eum
482 3817 587 3850 amnem
602 3798 712 3862 accolis,
761 3801 830 3853 male
840 3800 937 3852 omittit
946 3800 1012 3853 liber
1025 3798 1177 3863 Mediceus,
1193 3803 1272 3854 etiam

201 3877 244 3928 vel
270 3877 444 3929 invisentibus
465 3875 711 3949 jucundissimum,
760 3881 788 3932 iu
807 3899 870 3933 voce
890 3884 934 3947 qui
949 3900 997 3952 pro
1016 3901 1076 3947 quos
1091 3880 1176 3950 positu
1194 3881 1273 3934 vitio·

201 3957 406 4009 amoenissimum
418 3958 535 4010 facerent
545 3995 552 4021 ,
563 3969 592 4008 ut
600 3957 711 4029 liquoris
760 3978 814 4012 sus.
823 3959 857 4011 G.
868 3990 903 4000 -
913 3966 995 4027 Atque
1007 3963 1123 4012 culmina.
1138 3960 1244 4013 Absunt
1256 3979 1273 4014 a

199 4037 360 4111 puritatem,
381 4056 474 4089 cursus
493 4036 711 4107 tranquillitatem
759 4038 918 4111 quibusdam
928 4039 1063 4092 codicibus
1072 4040 1226 4095 haeeverba.
1234 4041 1270 4094 G.

200 4133 258 4168 eum
272 4157 279 4182 ‚
305 4134 363 4189 quae
385 4116 569 4170 exundationis
592 4117 710 4186 pericula
795 4119 820 4171 5.
834 4123 878 4170 Ad
887 4139 950 4186 qua.
960 4118 1033 4172 Med.
1044 4120 1140 4174 omittit
1149 4125 1193 4174 ad.
1206 4122 1259 4176 En.
