2654 4822
481 323 746 395 urrsronl
772 326 835 391 xr.
946 278 952 285 ’
1148 325 1187 396 61

90 456 93 463 '
122 446 275 544 quaedam
296 445 409 515 addidi
431 447 466 514 in
487 445 584 529 villa,
598 472 703 539 quum
726 444 817 514 aliud
835 471 905 514 non
928 447 1054 516 liberet.
1079 452 1196 542 Itaque

124 571 279 652 poemata
293 557 486 650 quiescunt,
505 580 578 649 quae
596 570 633 624 tu
648 558 735 625 inter
747 581 884 625 nemora
898 571 933 625 et
946 555 1037 626 lucos
1048 582 1197 626 commo·

127 667 258 736 dissime
279 665 397 763 perfici
416 679 526 759 putas.
540 664 797 735 Oratiunculam
817 690 918 734 unam
938 680 970 734 et
988 656 1127 735 alteram
1145 692 1196 735 re·
1217 678 1234 729 3

128 779 284 866 tractavi3
306 801 510 872 quamquam
532 776 567 844 id
590 800 694 871 genus
713 776 822 871 operis
841 774 1041 863 inamabile,
1058 778 1198 844 inamoe-

132 911 224 971 num,
235 887 411 982 magisque
424 884 594 955 laboribus
607 887 711 971 ruris,
723 911 824 980 quam
837 885 1067 982 voluptatibus
1082 886 1196 956 simile.

134 997 222 1068 Vale.

140 1180 639 1268 simplicitercontinuare‚utpluresfiant
687 1195 756 1246 riore
772 1192 916 1247 declarare.
930 1195 964 1247 G.
973 1224 1009 1235 -
1019 1198 1121 1266 Perfici,
1136 1196 1200 1247 sim-

142 1293 219 1327 versus
231 1275 336 1338 Antei,
350 1269 393 1328 vel
405 1273 560 1346 paraphrasi
571 1275 638 1326 ube·
687 1274 788 1345 pliciter
800 1272 869 1326 fieri.
881 1274 932 1326 En.

156 1473 957 1497 ΜΜἎἊΜΜΜΜΜΜΜὶἏΜΜᾺὶΜΜἉ
960 1473 1188 1493 mmmmm

1033 1614 1047 1649 ⁴

626 1659 714 1745 XI.

164 1889 299 1948 Materiam
311 1883 457 1945 scribendi
472 1883 616 1963 promittit
630 1894 764 1960 rogatus,
778 1895 807 1940 et
821 1902 873 1941 sna
889 1883 997 1961 scripta
1009 1888 1189 1965 transAlpes

572 1979 629 2056 legi
643 1978 765 2036 laetatur.

344 2154 348 2159 ·
375 2193 406 2239 C·
433 2190 609 2239 PLINIUS
636 2190 808 2237 GEMINO
833 2191 910 2237 SUO
936 2193 962 2237 S.

192 2378 424 2446 Enrsronanr
444 2387 538 2442 tuam
549 2373 825 2465 jucundissimam
845 2374 970 2466 recepi,
985 2397 1026 2441 eo
1045 2373 1208 2459 maxime,

158 2485 228 2573 quod
238 2484 366 2580 aliquid
376 2482 419 2552 ad
431 2497 464 2552 te
477 2482 577 2552 scribi
587 2480 739 2569 volebas,
753 2482 845 2577 quod
859 2482 952 2551 libris
964 2483 1064 2551 inseri
1079 2500 1201 2578 posset.

159 2591 301 2664 Obveniet
318 2594 476 2678 materia,
497 2591 548 2661 vel
569 2593 639 2661 haec
657 2593 728 2687 ipsa
747 2618 847 2687 quarn
869 2608 1051 2681 monstras,
1069 2594 1120 2663 vel
1134 2621 1205 2688 po-

159 2697 209 2771 tior
216 2703 286 2775 alia.
299 2707 387 2775 Sunt
397 2703 487 2773 enim
498 2703 533 2771 in
545 2702 609 2771 hac
621 2701 823 2772 offendicula
837 2701 998 2770 nonnulla
1010 2728 1018 2770 :
1030 2703 1206 2771 circumfer

161 2812 270 2906 oculos,
291 2830 325 2884 et
343 2827 529 2883 occurrent.
557 2810 760 2907 Bibliopolas
780 2813 940 2907 Lugduni
962 2837 1120 2881 essenon
1141 2838 1205 2906 pu·
1226 2850 1241 2881 η

90 2914 92 2923 ’
160 2920 249 2992 tabam
264 2950 273 2992 t
289 2949 328 2993 ac
343 2938 437 2992 tanto
451 2922 607 2991 libentius
620 2946 661 2990 ex
676 2921 779 2991 literis
798 2924 865 2991 tuis
880 2924 1024 3018 cognovi
1038 2923 1204 2992 venditari

90 3184 97 3397 i

158 3020 265 3104 libellos
282 3058 389 3121 meoS,
406 3031 527 3127 quibus
548 3056 689 3127 peregre
710 3056 844 3101 manere
866 3034 1027 3126 gratiam,
1045 3057 1146 3126 quam
1169 3033 1204 3099 in

160 3141 226 3213 urhe
245 3144 459 3240 collegerint,
478 3141 635 3212 delector.
655 3128 785 3236 Incipio
806 3143 895 3210 enirn
917 3141 997 3210 satis
1016 3140 1206 3210 absolutum

162 3255 347 3343 existimare,
371 3254 412 3322 de
438 3279 505 3348 quo
530 3268 625 3322 tanta
648 3252 837 3320 diversitate
860 3252 1037 3345 regionum
1065 3251 1207 3323 discreta

160 3357 316 3434 hominum
331 3363 459 3457 judicia
480 3363 707 3433 consentiunt.
720 3361 814 3433 Vale.

183 3542 266 3600 X1.2.
286 3553 390 3615 Peregre
412 3565 512 3596 manere
530 3549 648 3614 gratiam.
733 3549 890 3596 *Discreta
902 3547 1027 3596 hominum
1034 3549 1142 3615 judicia.
1158 3550 1210 3601 De·

157 3615 226 3677 Etiam
238 3625 310 3698 apud
327 3638 429 3678 exteros
442 3624 549 3696 placere
559 3663 567 3687 ,
578 3636 605 3676 et
616 3624 649 3675 li·
699 3624 779 3679 hebat
789 3643 843 3677 esse
855 3642 861 3676 :
873 3627 1032 3675 discretorum
1040 3635 1114 3677 tanto
1127 3627 1209 3680 inter·

156 3695 232 3757 beuter
239 3705 301 3776 legi.
311 3704 344 3756 Ε.
354 3735 389 3745 -
402 3704 459 3756 Jam
473 3703 574 3756 Tiberii
586 3716 650 3756 tem·
698 3703 768 3756 vallo
778 3706 903 3754 hominnm
906 3706 1015 3771 judicia.
1025 3703 1077 3756 Sed
1088 3723 1141 3774 quo
1150 3726 1208 3760 ma-

155 3792 217 3847 pore,
229 3782 415 3855 Augrmtoduni
428 3784 518 3854 (caput
531 3782 582 3835 hoc
595 3794 650 3836 erat
697 3782 737 3853 gis
750 3782 882 3853 oppositio
898 3781 1049 3845 exsisteret,
1061 3783 1163 3837 Plinius
1177 3786 1210 3838 ad

155 3858 402 3933 AEduorum)schola
413 3874 484 3924 erat,
495 3861 523 3912 in
533 3880 587 3933 qua
598 3879 647 3913 no·
698 3863 756 3933 ipsa
773 3861 873 3934 judicia
891 3862 989 3914 retulit.
1009 3863 1142 3934 Gierigius
1159 3866 1210 3929 ait,

155 3932 265 3994 bilissima
274 3942 413 3995 Gallorum
424 3940 526 3993 soboles
535 3940 649 3994 liberali·
698 3944 803 3992 discreta
809 3944 906 4010 judicia
916 3959 972 3994 esse
982 3960 1085 4007 eorum,
1097 3963 1210 4013 quorum

154 4012 194 4070 bus
201 4021 299 4074 artibus
307 4021 477 4093 operabatur.
486 4020 570 4074 Tacit.
580 4021 648 4071 Ann.
700 4020 834 4072 aliusnon
851 4020 934 4072 alium
950 4022 1078 4091 sequitur.
1094 4022 1211 4090 Dubito,

155 4090 205 4160 ΠΙ,
216 4097 259 4162 43.
269 4099 320 4151 En.
701 4118 735 4150 an
746 4118 778 4152 ex
790 4110 878 4151 mente
889 4098 979 4151 Plinii.
993 4099 1041 4150 En.
