2654 4822
182 371 204 440 8
370 366 373 371 ’
408 379 412 389 “
470 370 508 438 C.
535 367 708 438 PLINII
731 369 825 436 LIB.
851 372 963 439 VIII.

149 530 163 561 2
181 493 244 562 bus
259 507 424 586 sumptas,
443 491 577 585 collegit
593 506 626 559 et
644 488 790 560 miscuit!
805 493 915 561 Habet
928 493 1063 586 quidem
1077 497 1251 566 Macrinus

183 604 308 700 grande
323 602 496 690 solatium,
511 601 603 695 quod
617 617 749 670 tantum
765 602 892 671 bonum
908 619 977 671 tam
986 603 1162 693 diutenuit
1173 633 1181 674 ε
1194 607 1252 675 sed

181 717 247 785 hoc
261 716 366 808 magis
380 710 614 798 exacerbatur,
629 712 721 807 quo'd
735 713 865 782 amisit:
883 739 961 781 nam
974 713 1124 783 fruendis
1136 715 1253 810 volup

149 828 164 880 3
183 828 307 894 tatibus
322 826 440 892 crescit
452 824 592 892 carendi
607 822 714 892 dolor.
736 826 805 892 Ero
825 849 905 917 ergo
920 849 1098 917 suspensus
1112 850 1173 918 pro
1191 827 1252 894 ho·

183 938 272 1004 mine
292 935 508 1020 amicissimo,
528 935 608 1002 dum
627 933 802 1003 admittere
818 949 1050 1019 avocamenta,
1068 951 1101 1003 et
1118 938 1251 1005 cicatri-

183 1071 255 1115 cem
273 1045 343 1138 pati
362 1045 484 1137 possit;
512 1068 614 1136 quam
638 1043 722 1112 nihil
742 1069 836 1138 aeque
854 1070 892 1113 ac
913 1045 1091 1113 necessitas
1111 1047 1199 1139 ipsa,
1219 1061 1253 1113 et

185 1156 253 1224 dies
272 1154 386 1248 longa,
407 1169 440 1222 et
459 1156 592 1222 satietas
611 1154 734 1224 doloris
754 1156 891 1224 inducit.
914 1154 1007 1224 Vale.

219 1356 305 1408 3.Ero
315 1373 372 1422 ergo
379 1373 513 1421 suspensus.
525 1353 582 1406 Hoc
590 1364 643 1417 est,
655 1355 694 1405 in·
741 1353 834 1407 dolore
851 1365 976 1408 avocant.
990 1355 1043 1405 En.
1059 1385 1094 1395 ·-
1110 1358 1254 1406 Cicatricem

183 1435 304 1506 quietus,
326 1433 459 1498 solicitus,
480 1446 509 1484 ut
529 1453 587 1504 quae
610 1453 625 1485 a
647 1433 693 1486 filo
736 1438 802 1503 pati.
814 1433 896 1499 Quod
906 1453 960 1486 nou
975 1447 1103 1505 possunt,
1117 1434 1163 1505 qui
1175 1435 1253 1486 refri-

184 1532 328 1584 suspensa,
340 1514 381 1565 vel
393 1532 448 1564 non
459 1524 512 1564 tota
528 1514 584 1564 basi
593 1515 694 1565 incum-
741 1510 804 1566 cant
814 1514 926 1568 subinde
936 1514 1047 1567 vulnera
1058 1533 1121 1579 sua,
1132 1525 1157 1565 et
1167 1532 1255 1568 recor-

183 1593 273 1644 bentia
285 1593 363 1645 facile
374 1605 525 1645 moventur.
540 1592 574 1644 G.
585 1623 618 1632 -
630 1599 694 1645 Avo-
742 1593 848 1647 datione
851 1594 972 1666 jacturae,
982 1613 1062 1666 quam
1070 1594 1199 1659 fecerunt,
1207 1593 1256 1645 do·

184 1688 310 1733 ramenta,
332 1670 442 1735 solatia,
464 1690 522 1743 quae
542 1676 693 1725 mentema
742 1673 1254 1744 loremrenovantatqueinstauraut.G.

185 1874 1247 1894 ἱἏΙΜΙΜΜΜΜΜΜῚΜΜΜΜΜΜὶἏΜΜΜΜΜἈΛΜ

683 2062 762 2148 VI.

252 2294 456 2354 adulatorium
468 2294 749 2352 senatusconsultum
763 2292 799 2350 de
812 2294 942 2351 Pallante
956 2292 1064 2352 liberto
1077 2292 1190 2353 Claudii

509 2392 675 2470 perstringit
689 2388 932 2469 indignabundus.

405 2598 435 2644 C.
462 2597 639 2643 PLINIUS
665 2595 875 2642 MONTANO
902 2596 981 2642 SUO
1007 2596 1034 2641 S.

238 2780 502 2847 Coenovlssu
520 2777 590 2868 jam
603 2799 644 2843 ex
653 2772 794 2868 epistola
804 2797 878 2841 mea
889 2773 1005 2861 debes,
1016 2773 1190 2843 adnotasse
1204 2801 1260 2844 me

190 2911 298 2978 nuper
314 2887 559 2953 monimentum
576 2884 737 2953 Pallantis
757 2884 818 2952 sub
835 2883 899 2952 hac
913 2885 1129 2978 inscriptione
1148 2909 1155 2951 :
1173 2909 1259 2956 Hvlc

191 3022 360 3084 sunnam,
385 3020 428 3065 os
453 3020 564 3065 riuum
585 3018 834 3077 riararnmovu
854 3020 947 3065 unca
970 3017 1174 3081 patronos,
1193 3020 1258 3064 oa-

191 3132 364 3177 naarnnra
396 3129 578 3175 PRAETORIA
607 3128 778 3174 uncunvm
803 3131 846 3173 ΕΤ
870 3128 1086 3174 susruartvu
1114 3129 1262 3176 curamus

159 3255 172 3286 α
192 3240 442 3297 mirovaeum,
458 3239 558 3284 cvrvs
575 3239 717 3285 nortona
734 3223 934 3284 conrnurvs
944 3239 1035 3283 thT.
1046 3218 1165 3283 Postea
1175 3217 1260 3284 mihi

191 3326 300 3393 visum
319 3340 365 3391 est
381 3327 527 3418 pretium
546 3351 651 3408 curae,
667 3324 779 3417 ipsum
797 3326 859 3392 SC.
880 3348 1038 3417 quaerere.
1055 3327 1172 3393 Inveni
1190 3340 1261 3394 tam
1299 3417 1301 3421 Ι

192 3436 364 3527 copiosum
386 3449 418 3502 et
437 3434 596 3516 effusum,
617 3449 654 3501 ut
675 3433 730 3501 illc
752 3434 1005 3528 superbissimus
1026 3435 1162 3522 tituluS,
1183 3462 1261 3503 mo-

192 3545 286 3613 dicus
307 3560 407 3638 atque
426 3545 525 3612 etiam
544 3544 704 3613 demissus
723 3544 901 3615 videretur.
922 3545 1108 3616 Conferant
1121 3571 1173 3634 se,
1190 3572 1262 3615 non

227 3748 276 3799 v1.
290 3767 314 3799 1.
329 3753 370 3798 Ex
380 3751 483 3823 epistota
492 3766 555 3798 mea.
568 3746 701 3818 Superiori
785 3777 820 3786 —
829 3750 962 3815 Conferant
968 3766 1001 3797 se.
1010 3744 1152 3809 Gontiana,
1166 3746 1212 3796 sed
1223 3750 1263 3800 in-

192 3827 259 3879 libro
269 3827 370 3878 XXIX.
385 3825 419 3878 G.
608 3835 612 3839 '
749 3825 802 3878 vito
813 3826 902 3877 Cortio
914 3843 921 3876 ε
934 3828 1066 3892 Cotzſserant
1074 3843 1115 3884 se,
1131 3827 1263 3877 muccuna-

230 3927 254 3958 2.
275 3911 383 3956 Pretium
400 3925 473 3956 curce.
490 3904 532 3955 Al.
550 3925 630 3972 operoe
641 3925 701 3972 pre·
749 3925 809 3971 que,
825 3904 898 3976 quod
909 3904 1008 3955 nollem
1022 3922 1037 3955 a
1051 3901 1168 3972 Glerigio
1181 3923 1260 3957 revo-

193 3989 268 4049 rium‚
279 4005 337 4057 quae
347 3985 460 4037 solennis
470 3984 583 4050 locutio,
596 3995 702 4035 nostraa-
749 3996 848 4035 catum.
871 3983 1016 4053 Adscripsit
1033 3982 1115 4034 verbo
1132 3987 1263 4052 confierent

193 4086 259 4137 que,
281 4069 350 4130 ἅπαξ
366 4065 423 4129 illi,
443 4065 549 4137 opinor,
566 4067 698 4135 λεγομένῃ,
749 4061 889 4132 glossator,
906 4062 952 4134 qui
970 4080 1024 4113 non
1043 4061 1183 4131 cogitaret,
1202 4084 1261 4115 con·

191 4143 364 4218 pracferenda.
381 4144 407 4197 S.
742 4143 813 4208 ferre
822 4140 866 4195 hic
879 4160 935 4196 esse
946 4160 1115 4215 comparare,
1127 4163 1181 4196 non
1192 4181 1199 4206 ,
1215 4143 1260 4196 ad-
