2654 4822
192 365 211 408 Ι
268 316 273 325 ’
422 333 424 337 ’
476 335 973 406 consummetur.

192 462 304 548 Quam
319 461 411 530 triste
421 460 486 528 hoc
499 461 579 553 ipsi,
592 484 693 553 quam
707 459 865 527 acerbum
879 457 978 561 milri,
991 460 1018 527 si
1028 459 1071 544 is,
1085 459 1139 533 cui
1153 462 1264 530 omnis

192 599 230 642 ex
246 572 362 641 studiis
375 573 499 663 gratia,
513 568 671 638 inhabilis
681 569 797 637 studiis
812 565 927 637 fuerit!
944 568 1030 656 Quis
1042 569 1160 638 deinde
1170 570 1264 640 libel-

47 760 51 769 ·
107 750 109 755 ,
142 690 146 697 ’
191 682 242 752 los
263 705 354 750 meos
376 682 422 748 sic
443 679 552 774 leget?
574 681 622 748 sic
641 676 791 747 amabit?
811 703 1028 773 quem-eures
1047 681 1264 750 meoesicse-

156 790 172 842 3
190 788 358 886 quentur?
376 788 442 858 Sed
459 787 507 885 dii
524 788 649 857 laetiora
664 790 876 883 promittunt.
895 791 994 859 Stetit
1014 793 1164 882 sanguis,
1178 815 1265 860 rese·
1287 863 1289 868 ,

98 888 101 894 ’
189 903 239 970 dit
267 898 371 968 dolor.
394 903 560 968 Praeterea
582 901 756 969 continens
777 902 863 994 ipse,
884 924 945 967 nos
971 899 1120 985 solliciti,
1140 900 1263 971 medici

189 1008 374 1102 diligentes.
394 1008 446 1077 Ad
467 1009 534 1077 hoc
551 1009 728 1078 salubritas
748 1009 836 1097 caeli,
864 1033 1027 1097 secessus,
1056 1012 1166 1104 quies,
1187 1026 1265 1080 tan·
1309 1069 1312 1076 ,

190 1131 261 1184 turn
283 1116 400 1187 salutis
416 1134 581 1211 quantum
603 1120 682 1207 otii,
702 1119 915 1213 pollicentur.
935 1118 1031 1190 Vale.

223 1350 259 1359 -
277 1323 304 1370 Si
321 1323 353 1379 is,
374 1324 427 1380 eni,
448 1332 499 1373 ete.
514 1320 641 1374 Desidero
659 1321 704 1374 hie
751 1326 787 1373 sic
798 1335 936 1389 sequentur.
954 1319 991 1373 Ut
1008 1321 1080 1392 apud
1094 1321 1205 1386 Quintil.
1221 1322 1265 1385 ΙΙ,

189 1400 382 1450 humanitatem
391 1411 480 1464 tuam,
490 1401 620 1454 Secunde.
632 1403 704 1472 Ergo
754 1401 784 1468 5,
796 1409 830 1466 d:
845 1404 937 1468 scripta
951 1405 1028 1452 oculis
1040 1405 1115 1468 sequi.
1129 1400 1200 1452 lllud
1212 1399 1266 1454 hoc

188 1479 309 1548 Encolpii
333 1480 372 1531 tui
396 1480 482 1532 omnis
508 1481 577 1550 perit
600 1483 703 1551 gratia,
753 1480 1200 1553 locomagisplacetquamaudiam.
1209 1480 1264 1533 ΕΙ).

188 1556 276 1627 quod,
287 1559 445 1629 exasperatis
453 1559 590 1623 faucibus,
601 1559 704 1612 libellos
791 1563 816 1614 3.
829 1563 875 1611 Ad
881 1563 935 1621 troc.
946 1559 1039 1612 Malim
1051 1563 1088 1610 ad
1095 1563 1155 1611 hae.
1165 1565 1265 1631 Perpe-

189 1647 247 1690 tuos
261 1637 346 1708 legere
359 1657 413 1690 non
427 1639 530 1708 potest?
541 1638 569 1691 S.
581 1670 616 1678 -
625 1644 704 1690 Aures
753 1652 798 1692 tua
812 1639 911 1692 horum
922 1640 1054 1694 confusio.
1068 1641 1095 1692 S.

192 1833 197 1839 ‘
203 1839 1020 1861 =mmmsmmmmmmmmmmmmwumm
1024 1839 1253 1860 mmmmm

693 2040 754 2126 ΙΙ.

191 2264 355 2324 Vindemiae
368 2260 565 2340 emptoribus,
579 2261 660 2340 quod
674 2263 785 2318 fructus
801 2281 883 2337 spem
901 2261 1058 2334 fefellerat,
1072 2264 1214 2321 remisisse
1230 2264 1267 2321 de

322 2359 435 2435 pretio,
450 2371 479 2415 et
492 2357 561 2414 inde
575 2358 691 2416 laudern
706 2369 920 2432 consequutum
934 2376 995 2415 esse
1013 2358 1134 2416 nuntiat.

335 2519 867 2670 ·!i·'ti‘·1>·⁸oin1tt”s³on²rfti1s10
890 2545 905 2575 ⁴*
930 2570 1007 2640 suo
1033 2570 1060 2616 s.

243 2751 370 2819 ΑΙΙΙ
361 2775 395 2817 ΙΙΙ
426 2741 607 2868 praedia
569 2713 634 2816 nuit
625 2734 939 2868 ”proficiscuntum
971 2764 1010 2818 ut
1035 2749 1271 2845 locupletiores

195 2851 440 2963 revertantur’3:
438 2840 557 2960 (δὲοώ
542 2838 612 2927 ul·-
602 2854 806 2973 tgpapperior.
835 2859 1062 2929 Vendideram
1084 2861 1271 2933 vindemias

195 2971 348 3040 certatim
366 2944 630 3062 negotiatoribus
647 2954 859 3039 ementibus:
873 2971 1037 3040 invitabat
1054 2971 1219 3061 pretium,
1237 2981 1272 3040 et

162 3083 287 3176 nquod
312 3097 409 3168 tunc,
437 3094 471 3148 et
495 3079 585 3172 quod
610 3079 681 3148 lore
710 3081 897 3150 videbatur.
926 3083 1008 3171 Spes
1033 3077 1172 3146 fefellit:
1199 3098 1274 3151 erat

196 3190 389 3283 expeditum
421 3191 578 3258 omnibus
607 3193 777 3260 remittere
804 3188 990 3282 aequaliter,
1018 3187 1075 3256 sed
1101 3194 1273 3261 nonsatis

197 3326 339 3395 aequum.
361 3299 448 3370 Mihi
465 3316 577 3369 antem
593 3303 764 3394 egregium
779 3299 943 3391 imprimis
958 3298 1105 3382 videtur,
1124 3314 1161 3367 ut
1174 3299 1273 3390 foris,

197 3415 244 3480 ita
263 3412 368 3498 dorni,
387 3413 475 3480 utin
494 3411 640 3504 magnis,
658 3410 705 3477 ita
724 3410 758 3476 in
777 3410 904 3504 parvis,
920 3410 1007 3477 utin
1025 3406 1155 3501 alienis,
1172 3411 1218 3479 ita
1236 3413 1273 3478 in

197 3525 283 3609 suis,
301 3523 427 3616 agitare
437 3523 625 3616 justitiam:
644 3545 722 3587 narn
738 3519 765 3588 si
780 3519 874 3613 paria
891 3535 1043 3613 peccata,
1058 3543 1155 3611 pares
1169 3522 1273 3605 etiam

187 3778 189 3781 ,
234 3723 271 3774 11.
279 3721 412 3772 *Calvisio
423 3719 487 3771 Vid
495 3720 593 3790 II,ep.
605 3737 647 3770 ao.
656 3719 709 3770 ΕΙ).
759 3736 863 3781 cerasa,
874 3730 924 3771 etc.
935 3717 1142 3788 negotiatoribus
1153 3720 1273 3773 vendun-

232 3799 709 3858 1.Vindemias.VerissimeCatauaeus·
759 3811 811 3851 tur.
824 3798 851 3852 S.

201 3884 319 3935 «vitium
329 3865 467 3932 fructus'
439 3918 446 3945 ‚
458 3897 502 3951 jus
510 3875 635 3931 demendi
646 3895 709 3930 uvas
795 3897 820 3930 Ι.
828 3880 1070 3947 Agitarejnsn’n'am,
1076 3894 1134 3929 eam
1141 3865 1272 3944 exercere,

200 3962 295 4018 ameis
308 3959 424 4013 vineis.
436 3959 553 4010 Postulat
567 3957 595 4010 id
611 3970 636 4010 et
651 3942 710 4009 tad·
759 3968 789 4009 ut
800 3973 895 4026 agitare
905 3959 1068 4024 imper-tumet
1077 3956 1139 4008 alra
1155 3957 1207 4009 ΕΙ).
1313 3961 1319 3969 ’

154 4030 157 4035 ’
199 4041 288 4096 nitatis
300 4039 427 4091 Plinianae
440 4050 465 4092 et
477 4037 517 4090 rei
533 4038 615 4110 ipsius
630 4036 707 4089 ratio.
793 4041 939 4105 -Siparia
945 4051 1059 4127 peccata
1070 4036 1111 4088 ad
1122 4037 1272 4091 Stoicorum

198 4121 242 4175 Sic
252 4117 323 4192 apud
335 4136 384 4173 nos
393 4117 445 4190 ipsa
437 4119 582 4172 arborum
591 4117 709 4180 fruetus,
759 4115 831 4169 illam
841 4116 997 4172 sententiam
1005 4115 1125 4188 respicit,
1134 4115 1271 4170 defensam
