2654 4822
387 355 653 424 EPISTOLA
678 355 784 422 XIV.
1069 348 1113 421 25

60 480 254 564 tertiarum,
281 502 354 571 quae
381 480 547 549 exsecutio
573 478 741 572 prioribus
761 476 887 571 aliquid
907 476 1117 565 addentium,

61 580 191 659 omnem
214 588 363 682 denique
388 591 591 658 senatorium
614 615 757 677 morem,
778 588 869 683 quod
889 586 1117 657 fidelissimum

60 699 271 796 praecipiendi
290 723 412 793 genus,
429 698 587 793 exemplis
603 698 820 769 docebantur.
842 700 886 768 At
904 708 965 766 nos
979 698 1119 790 juvenes
1135 705 1151 758 7

60 809 181 878 fuimus
198 808 333 903 quidem
348 811 384 877 in
396 811 529 894 castris;
542 800 598 879 sed
612 835 716 904 quum
730 823 882 904 suspecta
895 809 1017 890 virtus,
1028 808 1118 875 iner-

36 930 37 934 ’
60 920 100 987 tia
117 920 154 987 in
172 919 300 1013 preti0‚
317 943 420 1012 quum
434 919 574 988 ducibus
586 922 766 988 auctoritas
779 918 885 1007 nulla,
899 916 989 986 nulla
1003 916 1119 986 militi-

60 1028 117 1097 bus
125 1017 896 1125 verecundia,nusquamimperium‚nusquam
908 1026 1119 1124 obsequium,

61 1139 169 1207 omnia
185 1139 311 1222 soluta,
330 1140 480 1229 turbata,
495 1156 596 1234 atque
614 1143 714 1210 ctiam
732 1143 768 1209 in
788 1142 992 1211 contrarium
1011 1165 1121 1215 versa,

61 1264 227 1342 postremo
243 1248 464 1318 obliviscenda
482 1252 606 1346 magis,
626 1276 725 1344 quarn
745 1250 900 1319 tenenda.
919 1249 1024 1319 Iidem
1039 1275 1120 1345 pro·
1139 1262 1154 1309 8

61 1359 226 1452 speximus
259 1360 386 1428 curiam
417 1359 583 1454 trepidam
612 1375 646 1429 et
673 1360 859 1454 elinguem,
884 1386 987 1454 quum
1013 1353 1125 1430 dicere

61 1468 149 1561 quod
174 1466 276 1537 velles
302 1469 547 1562 periculosum3
580 1471 670 1564 quod
694 1469 817 1558 nolles,
846 1471 1002 1538 miserum
1026 1482 1120 1537 esset.

63 1577 158 1664 Quid*
173 1591 254 1646 tunc
269 1576 351 1647 disci
366 1579 500 1672 potuit?
515 1579 597 1674 quid
616 1579 768 1649 didicisse
782 1577 891 1674 juvit?
910 1604 1014 1673 quum
1028 1604 1123 1649 sena·
1180 1586 1186 1590 ’

63 1701 116 1754 tus
131 1702 191 1755 aut
206 1687 249 1756 ad
263 1689 369 1756 otium
387 1715 577 1778 summum,
595 1704 653 1757 aut
670 1690 713 1759 ad
731 1715 898 1778 summum
916 1689 1007 1758 nefas
1023 1713 1122 1758 voca·

65 1811 175 1883 retur3
192 1813 225 1865 et
240 1798 340 1866 modo
355 1799 515 1884 ludibrio,
528 1799 628 1868 modo
643 1794 750 1867 dolori
765 1813 931 1883 retentus,
949 1823 1123 1891 nunquam

64 1908 165 1994 seria,
188 1908 297 1976 tristia
319 1933 404 2003 saepe
424 1925 581 1978 censeret.
603 1908 729 1977 Eadem
748 1907 834 1976 mala
851 1909 921 2000 jam
939 1922 1122 1993 senatores,
1139 1930 1156 1982 9

60 2015 128 2106 jam
148 2018 328 2110 participes
346 2017 530 2106 malorum,
548 2018 671 2087 multos
690 2043 750 2112 per
770 2042 875 2086 annos
894 2016 1055 2098 vidimus,
1072 2031 1124 2084 tu-

63 2125 228 2220 limusque
246 2155 253 2195 :
273 2129 392 2221 quibus
408 2130 540 2224 ingenia
555 2144 669 2198 nostra
687 2131 906 2222 inposterum
921 2151 1054 2219 quoque
1069 2126 1124 2194 he-

62 2234 188 2320 betata,
209 2236 332 2325 fracta,
360 2253 499 2307 contusa
525 2254 614 2307 sunt.
637 2243 741 2307 Breve
766 2253 898 2331 tempus
920 2236 1011 2331 (nam
1031 2250 1124 2304 tanto
1145 2267 1176 2300 10

63 2343 197 2413 brevius
207 2370 321 2432 omne,
331 2363 457 2444 quanto
466 2348 594 2418 felicius
604 2349 749 2444 tempus)
762 2374 829 2443 quo
840 2349 922 2417 libet
933 2348 1033 2433 scire,
1044 2346 1125 2441 quid

65 2453 186 2542 simus3
203 2454 285 2523 libet
298 2480 462 2542 exercere,
477 2458 567 2552 quod
581 2484 703 2527 sumus.
723 2460 810 2546 Quo·
814 2459 936 2551 justius
949 2472 1044 2552 pet0‚
1059 2459 1126 2550 pri·

64 2586 174 2649 mum,
192 2576 231 2631 ut
244 2567 350 2632 errori
363 2564 405 2661 (si
419 2567 493 2660 quis
507 2582 557 2637 est
570 2569 676 2664 error)
690 2569 817 2636 tribuas
830 2568 978 2654 veniam;
993 2565 1128 2653 deinde,

65 2793 114 2826 esse
129 2779 254 2829 existinw.
270 2781 350 2843 Quum
362 2781 455 2830 censuit
467 2781 571 2846 aliquis,
621 2777 769 2831 crudelitati
792 2777 833 2831 vel
854 2778 980 2849 superbia
1004 2777 1129 2848 principis

66 2857 134 2920 quod
152 2873 185 2905 esc
201 2870 278 2922 parte
296 2859 357 2907 mitt
369 2861 483 2923 placeat,
497 2860 573 2927 jubeo
622 2857 788 2912 serviendum
804 2870 885 2921 esset,
904 2855 1077 2910 decernendis
1088 2856 1129 2909 in·

66 2935 133 2989 illum
149 2936 257 2984 dividere
270 2938 425 2996 senteutiam,
443 2950 467 2986 et
478 2956 573 3002 sequor.
621 2937 774 2990 nocentium
788 2935 939 3009 suppliciis,
953 2936 1001 2988 ubi
1011 2939 1088 2997 serr'a,
1103 2945 1131 2988 et

66 3011 197 3063 laudavit
206 3012 258 3065 hoc
271 3007 330 3065 loco
340 3024 365 3064 ct
374 3025 456 3066 totam
464 3031 520 3066 rem
534 3033 575 3066 ex·
622 3033 654 3068 ex
664 3016 745 3068 animi
753 3016 891 3080 sententia,
901 3033 996 3066 censere
1003 3031 1082 3065 nemo
1090 3013 1130 3066 vir
1147 3033 1149 3039 ’

67 3090 305 3160 plicavitBrisson.
319 3092 353 3144 de
362 3093 451 3145 Form.
462 3093 506 3161 11,
524 3094 574 3162 59,
621 3094 707 3146 bonus
720 3095 807 3164 potuit
815 3127 828 3158 ,v
837 3095 888 3146 nisi
900 3092 1129 3164 praesentissimum

68 3187 129 3239 pag.
142 3170 191 3222 168
200 3191 208 3236 ;
218 3171 298 3234 Conr.
307 3172 385 3224 Conf.
395 3190 457 3224 mox
466 3175 481 3240 S
491 3171 572 3225 15.G.
621 3171 691 3224 ultro
697 3171 844 3243 periculum
851 3171 927 3224 vellet
933 3171 981 3222 sibi
988 3189 1126 3224 arcessere.

69 3247 138 3301 tdd.
148 3248 258 3302 Gesneri
270 3249 304 3302 ad
317 3251 343 3302 J.
358 3251 392 3302 A.
402 3252 505 3304 Ernest.
520 3253 574 3323 epi·
621 3250 699 3302 Prius
709 3250 775 3303 illud
785 3250 909 3322 graphice
919 3248 1036 3321 depingit
1048 3251 1065 3301 J
1066 3270 1126 3304 uve·

70 3327 145 3379 stola.
160 3359 196 3367 -
209 3331 353 3379 Exsecuu'o.
364 3329 465 3400 Nempe
477 3334 576 3397 exsequi
622 3330 689 3382 nalis
706 3330 805 3400 majore
819 3340 893 3400 parte
913 3329 1125 3401 estnequam,

70 3419 107 3459 est
115 3407 238 3478 persequi
244 3406 278 3459 ad
284 3407 380 3461 finem:
392 3409 443 3479 qui·
448 3408 522 3462 addit
531 3411 577 3463 ali-
623 3409 670 3460 ubi
682 3408 717 3461 de
730 3409 829 3480 ingenti
839 3407 952 3460 rhombo
967 3421 1127 3462 convocatur

70 3485 134 3556 quid
146 3486 274 3557 superiori
286 3488 432 3550 sententiae,
448 3488 522 3540 illam
535 3508 576 3542 se·
624 3499 650 3540 et
661 3488 805 3541 consulitur
814 3487 928 3541 sanctior
937 3487 1045 3558 quidam
1056 3506 1128 3541 sena·

70 3565 159 3635 quitur
168 3565 254 3631 ultra,
266 3584 348 3638 quam
358 3579 451 3618 auctor
461 3567 525 3639 ipse.
541 3568 576 3621 G.
624 3577 676 3619 tus.
686 3566 720 3618 G.

105 3648 313 3712 summamus
321 3648 423 3697 curiam.
436 3651 578 3698 Assistentes
651 3663 704 3697 to,
719 3648 798 3705 Scire,
817 3648 880 3711 quid
892 3648 976 3697 simus.
992 3645 1058 3710 Quae
1069 3648 1132 3717 jura

70 3743 154 3791 nempe
162 3727 188 3775 in
197 3727 273 3776 carice
275 3726 374 3792 foribus
378 3763 387 3787 ,
398 3724 469 3795 quod
478 3725 578 3780 dixerat
625 3723 769 3776 habeamus
786 3734 816 3775 ut
835 3735 985 3788 senatores,
1004 3736 1034 3776 ut
1050 3725 1131 3795 mugi·

70 3805 86 3870 5
95 3802 120 3855 5.
134 3803 169 3854 G.
495 3835 496 3839 =
626 3814 731 3855 stratus.
743 3800 806 3854 Vid.
818 3805 834 3871 S
845 3806 871 3856 6.
882 3804 1012 3857 Nimirum
1023 3803 1132 3875 antiqua

104 3883 301 3933 —Ludibrio....
312 3885 401 3934 dolori.
415 3883 527 3936 Senatus
538 3902 578 3937 re·
625 3881 738 3934 tenenda
749 3894 788 3934 est
800 3881 878 3935 lectio
891 3902 906 3936 e
919 3883 1038 3935 Mediceo
1053 3884 1133 3935 etiam

71 3958 203 4012 tinebatur
213 3963 327 4021 ludibrio,
339 3980 423 4032 quum
432 3961 579 4015 consulere-
625 3961 693 4013 libro
699 3959 874 4031 firmata‚prae
882 3961 1065 4015 Buchneriana
1072 3980 1133 4013 con·

71 4048 115 4090 tur
122 4039 166 4091 vel
175 4039 210 4091 de
220 4038 312 4110 nugis,
322 4039 364 4091 vel
375 4039 408 4093 de
419 4041 515 4111 quibus
522 4042 578 4112 jam
625 4043 742 4112 jectura,
754 4059 834 4111 quam
845 4053 979 4111 receperat
990 4040 1133 4102 cellarius,

73 4117 202 4172 statuisset
216 4120 361 4191 princeps:
383 4123 474 4182 dolori,
495 4139 578 4191 quum
626 4123 699 4180 scire,
715 4121 884 4186 quodscr'mus.
896 4119 930 4171 G.
