2654 4822
209 347 253 417 50
491 348 529 413 C.
558 346 729 413 PLINII
757 346 850 413 LIB.
876 348 989 414 VIII.

207 475 233 540 si
250 472 401 557 recedas3
414 482 528 538 manet
542 491 655 536 amor:
668 492 706 535 ac
723 468 810 535 sicut
824 467 878 536 ille
897 470 931 536 in
947 432 1084 555 odium,
1101 470 1204 539 hicio
1223 496 1276 538 re-

206 587 390 654 verentiam
410 583 564 651 vertitur.
584 582 632 648 Te
652 603 731 648 vero
753 579 853 647 etiarn
873 595 973 673 atque
991 582 1091 648 etiam
1112 579 1276 675 (repetam

206 692 311 786 enim)
327 693 518 761 meminisse
539 704 674 783 oportet
696 689 798 758 officii
823 691 873 758 tui
899 690 1054 776 titulum,
1073 715 1112 760 ac
1130 693 1192 759 tihi
1214 693 1278 786 ipsi

206 803 435 898 interpretari,
452 801 550 896 quale
565 815 797 895 quantumque
815 803 856 870 sit
876 802 1032 871 ordinare
1049 818 1173 872 statum
1193 803 1277 873 libe·

206 938 319 984 rarum
346 914 531 983 civitatum.
558 915 646 982 Nam
675 910 757 1005 quid
785 912 995 982 ordinatione
1023 912 1173 983 civilius?
1195 915 1277 1009 quid

204 1025 359 1093 libertate
372 1023 572 1119 pretiosius?
591 1026 696 1091 Porro
711 1046 811 1116 quam
827 1038 944 1118 turpe,
956 1026 984 1092 si
1000 1024 1169 1093 ordinatio
1181 1049 1278 1093 ever-

172 1147 186 1192 8
205 1137 313 1222 sione,
326 1134 462 1203 libertas
481 1134 837 1202 servitutemutetur?
851 1133 1008 1218 Accedit,
1023 1133 1114 1227 quod
1132 1133 1194 1201 tibi
1207 1158 1279 1202 oer-

205 1260 319 1315 tamen
340 1259 549 1314 esttecum:
570 1261 690 1314 onerat
711 1260 744 1315 te
769 1258 944 1340 quaesturae
962 1257 1027 1312 tuae
1049 1242 1155 1331 fama,
1176 1268 1277 1338 quam

139 1435 147 1441 ⁸
206 1382 246 1425 ex
259 1356 416 1451 Bithynia
429 1358 593 1451 optimam
607 1357 762 1426 revexisti
777 1382 785 1424 :
802 1369 921 1424 onerat
939 1355 1168 1423 testimonium
1183 1355 1277 1449 prin·

205 1467 316 1560 cipis:
336 1481 454 1535 onerat
476 1466 681 1549 tribunatus,
700 1481 865 1560 praetura,
882 1479 983 1558 atque
1000 1465 1163 1559 haec'ipsa
1186 1462 1277 1559 lega-

119 1628 129 1641 .
171 1596 187 1643 9
206 1574 273 1661 tio,
292 1576 387 1669 quasi
409 1576 603 1669 proemium,
621 1575 708 1665 dato.
729 1577 809 1664 Quo
832 1576 937 1669 magis
952 1573 1129 1642 nitendum
1148 1589 1214 1658 est,
1235 1599 1277 1643 ne

206 1687 241 1751 in
266 1684 451 1779 longinqua
473 1685 659 1779 provincia,
676 1710 778 1778 quam
801 1685 1013 1769 suburbana3
1033 1709 1077 1751 ne
1099 1683 1187 1752 inter
1209 1710 1276 1753 ser-

207 1795 349 1881 vientes,
362 1820 464 1888 quam
482 1794 626 1884 liberos,
642 1821 685 1865 ne
704 1811 810 1885 sorte,
824 1820 925 1890 quam
941 1793 1068 1887 judicio
1082 1796 1202 1867 missus
1213 1822 1222 1884 3
1235 1820 1277 1863 ne

206 1905 298 1973 rudis
312 1920 346 1974 et
360 1907 566 2001 incognitus,
579 1931 680 2002 quam
696 1905 887 2001 exploratus
902 1905 1145 1999 probatusque,
1157 1905 1276 1975 huma·

206 2021 298 2105 nior,
318 2020 453 2103 melior,
471 2022 611 2116 peritior
636 2022 737 2090 fuisse
757 2020 925 2091 videaris:
947 2045 1053 2113 quum
1072 2020 1115 2087 sit
1133 2018 1274 2114 alioqui,

206 2146 246 2199 ut
262 2156 348 2225 saepe
365 2130 506 2218 audisti,
527 2156 613 2226 saepe
635 2130 759 2224 legisti,
777 2129 884 2198 multo
905 2129 1088 2197 deformius
1108 2129 1277 2213 amittere,

208 2264 309 2333 quam
324 2265 393 2308 nou
409 2240 546 2332 adsequi
560 2239 704 2308 laudem.
721 2243 801 2308 Haec
816 2238 917 2307 velim
933 2239 1049 2308 credas
1061 2235 1167 2332 (quod
1181 2238 1276 2308 initio

208 2350 303 2445 dixi),
312 2351 480 2443 scripsisse
490 2373 543 2416 me
554 2348 883 2436 admonentem,non
893 2348 1277 2444 praeeipientem,quam·

160 2484 191 2517 ιο
207 2484 308 2555 quam
318 2460 568 2554 praecipientem
578 2484 723 2555 quoque.
738 2462 874 2555 Quippe
888 2485 957 2528 non
968 2483 1102 2547 vereor,
1117 2459 1152 2528 in
1165 2482 1277 2528 amore
1296 2542 1299 2547 .

208 2596 251 2639 ne
266 2571 405 2639 modum
423 2570 631 2639 excesserim.
648 2573 768 2666 Neque
786 2572 876 2639 enim
893 2568 1080 2664 periculum
1094 2583 1160 2654 est,
1174 2594 1218 2639 ne
1235 2568 1277 2637 sit

210 2683 371 2770 nimium,
385 2680 476 2776 quod
495 2706 565 2751 esse
578 2683 761 2750 maximum
776 2682 886 2750 debet.
901 2679 997 2750 Vale.

251 2887 265 2933 8
281 2884 337 2932 Tibi
344 2895 466 2931 certamen
476 2895 512 2931 est
520 2896 607 2933 tecum.
617 2882 721 2934 Curan-
769 2903 772 2909 ·
807 2899 834 2948 9.
845 2878 1144 2950 Suburbanoeprovinciae
1153 2878 1278 2933 dicebau-

212 2961 311 3014 dumet
321 2958 494 3012 annitendum
507 2960 555 3011 tibi
562 2972 616 3026 est,
626 2971 656 3012 ut
663 2978 723 3031 par·
771 2972 814 3012 tur
830 2959 956 3011 Romanis
976 2958 1077 3010 vicinae.
1093 2958 1146 3010 En.
1161 2965 1279 3010 -Sorte

211 3053 267 3093 tam
276 3040 341 3092 olim
352 3040 451 3092 famam
464 3049 490 3091 et
505 3040 656 3110 opinionem
667 3039 722 3092 vir·
770 3040 943 3093 mittebantur
951 3051 1109 3110 quaestores,
1123 3037 1202 3110 legati
1212 3042 1280 3108 judi-

212 3120 275 3172 tutis
290 3119 389 3173 tuearis
407 3131 433 3171 et
450 3137 596 3173 conserves.
613 3121 673 3171 Iam
693 3139 722 3172 ea
772 3118 1014 3191 cioprincipisAEn.

213 3217 276 3251 cura
293 3198 373 3251 hahet
388 3196 491 3269 aliquid
507 3198 650 3265 molestiae,
660 3199 724 3272 quia
810 3217 851 3251 10.
863 3202 1022 3259 Nonoereor,
1036 3201 1062 3248 in
1075 3217 1166 3249 amore.
1182 3197 1210 3249 si
1222 3215 1280 3250 om·

214 3275 310 3347 agendi
334 3277 481 3330 libertatem
503 3278 578 3350 quasi
604 3289 721 3339 coercet,
771 3277 835 3329 nino
844 3287 982 3346 peccatum
993 3294 1061 3328 ame
1071 3275 1119 3342 sit,
1134 3275 1206 3346 quod
1216 3282 1281 3348 prae·

213 3374 248 3407 nc
270 3354 335 3427 quid
357 3375 484 3428 agamus,
498 3356 571 3429 quod
586 3376 648 3409 cum
668 3357 722 3409 vita
771 3353 1281 3431 ciperetihiausussum:atilludineo

214 3446 276 3486 ante
285 3446 344 3487 acta
356 3447 464 3507 pugnet.
479 3437 549 3490 Hine
563 3436 606 3488 illa
619 3453 626 3488 ε
637 3449 724 3486 onerat
772 3433 1282 3505 lueritpeccatum‚quodinamoremo·

215 3517 722 3583 requoesturaencaefama‚onerarreseimo·
772 3511 1281 3568 dumexcessi.Jamveromodumexce·

217 3592 454 3660 nirnnorincrpis.,E.
772 3591 970 3647 dereinamore
979 3611 1059 3645 nemo
1068 3603 1165 3664 potest.
1175 3592 1211 3646 G.

549 3820 941 3854 -Λθ--ῇ
