2654 4822
412 371 672 439 EPISTOLA
697 372 769 438 III.
1090 372 1136 446 53

69 514 103 569 ut
116 498 163 566 ita
177 482 525 581 dicam,umbraticas
544 492 657 562 literas
674 493 817 561 mittere.
839 493 905 563 sed
923 495 1006 564 nihil
1019 498 1134 569 minus
1154 540 1170 598 4

66 625 177 705 aptum
187 606 409 693 arbitramur,
421 629 525 699 quum
536 629 627 672 arma
642 618 767 689 vestra,
780 628 885 697 quum
892 620 1017 694 castra,
1030 633 1136 701 quum

65 719 206 814 denique
224 741 370 803 cornua,
388 715 504 801 tubas,
517 712 689 801 sudorem,
704 712 891 806 pulverem,
906 714 991 785 soles
1010 720 1136 811 cogita·

64 854 144 899 mus.
160 828 290 914 Habes,
304 841 343 896 ut
354 840 455 920 puto,
466 826 590 919 justam
609 824 881 894 exeusationem:
899 850 1001 919 quam
1022 841 1134 896 tamen

63 938 194 1025 dubito,
212 961 257 1007 an
277 935 339 1004 tibi
363 934 499 1028 probari
520 932 631 1001 velim.
657 936 719 1002 Est
738 934 969 1004 enimsummi
990 939 1133 1024 amoris,

62 1070 184 1143 negare
194 1036 328 1116 reniam
344 1043 501 1113 brevibus
511 1041 659 1136 epistolis
670 1044 873 1131 amicorum,
884 1047 1036 1138 quamvis
1049 1049 1133 1117 scias

61 1155 124 1226 illis
140 1169 295 1226 constare
311 1152 488 1222 rationem.
508 1151 602 1221 Vale.

1152 899 1167 953 5

93 1359 118 1413 5.
127 1364 172 1411 An
185 1360 231 1411 tibi
244 1358 350 1426 probari
363 1359 446 1409 velim.
461 1356 498 1408 Ut
511 1375 570 1411 eam
619 1357 682 1409 bere
699 1359 783 1427 justas
808 1375 911 1411 caussas
931 1359 1065 1411 brevitatis
1085 1375 1132 1413 aut

59 1437 175 1510 accipias
182 1475 190 1503 ,
197 1456 281 1509 eaque
287 1447 424 1490 contentus
432 1477 440 1503 ,
448 1436 476 1488 in
481 1447 570 1506 poste·
619 1435 726 1488 silentii.
737 1434 808 1488 Vide
817 1435 852 1488 ad
862 1436 958 1507 Paneg.
969 1437 1130 1502 XXXVIII,

59 1536 118 1570 rum
128 1536 186 1570 non
197 1515 313 1588 postules
328 1516 449 1587 epistolas
460 1515 503 1567 vel
513 1515 570 1586 plu·
621 1521 647 1578 4.
657 1515 744 1567 En.—
749 1519 802 1567 Illis
808 1514 943 1568 Ernestius
953 1515 988 1568 ad
997 1520 1132 1568 amicorum

55 1614 100 1649 res
108 1633 117 1660 ,
126 1596 171 1651 vel
177 1595 319 1667 longiores.
330 1594 366 1648 G.
619 1593 725 1646 videtur
732 1594 954 1648 retulisse.1mmo
961 1594 1130 1648 referendum

92 1677 189 1726 —Illis
196 1688 309 1727 constare
317 1677 445 1728 rationem.
453 1674 516 1727 Illos
524 1673 571 1726 ha·
619 1674 654 1727 ad
664 1678 778 1742 epistolis.
788 1674 816 1727 S.

56 1874 1129 1896 mmmmmmmmwmmssfflmmmmmmmmm

549 2062 632 2146 Ill.

102 2294 214 2350 Bonam
227 2310 450 2368 mansuramque
466 2291 571 2348 samam
588 2289 722 2370 omuibus
741 2290 803 2348 aliis
821 2289 908 2348 rebus
925 2292 1082 2368 anteponit.

255 2500 286 2546 c.
313 2498 735 2547 returns-rauonruo
761 2474 777 2506 ⁴*
803 2498 879 2544 suo
905 2500 932 2544 s.

104 2680 233 2746 Aulus
245 2675 367 2762 alium,
378 2700 440 2769 ego
450 2676 677 2744 beatissimum
687 2677 851 2760 existimo,
862 2676 921 2770 qui
931 2676 1026 2744 bonae
1039 2701 1129 2744 man-

57 2808 210 2880 suraeque
222 2785 318 2854 famae
332 2786 566 2878 praesumtione
580 2784 764 2879 perfruitur
771 2839 781 2871 ,
798 2800 974 2880 certusque
989 2788 1128 2879 posteri-

56 2897 135 2965 tatis
154 2921 233 2966 cum
246 2896 360 2966 futura
380 2896 485 2990 gloria
504 2897 595 2964 vivit.
608 2900 657 2964 Ao
669 2895 752 2962 mihi
764 2895 827 2963 nisi
847 2895 1022 2988 praemium
1035 2909 1128 2963 aeter-

56 3004 172 3074 nitatis
190 3019 268 3075 ante
286 3004 416 3093 oculos,
432 3006 557 3098 pingue
576 3003 658 3072 illud
675 3004 848 3098 altumque
866 3006 974 3074 otium
988 3004 1127 3098 placeat.

55 3114 191 3183 Etenim
209 3139 325 3183 omnes
342 3114 495 3183 homines
513 3114 659 3183 arbitror
678 3129 835 3208 oportere
853 3128 913 3183 aut
931 3114 1128 3183 immortali-

57 3238 160 3293 tatem
189 3249 285 3294 suam
308 3239 367 3301 aut
393 3223 631 3294 mortalitatem
655 3224 803 3317 cogitare
823 3237 882 3290 :et
902 3220 974 3291 illos
992 3223 1127 3316 quidem
1145 3233 1159 3267 2

56 3333 276 3421 contendere,
284 3335 366 3402 eniti
376 3359 385 3420 ;
394 3334 455 3402 hos
464 3336 648 3428 quiescere,
658 3334 798 3420 remitti,
809 3358 870 3401 nec
878 3333 1013 3401 brevem
1024 3334 1127 3403 vitam

55 3442 190 3512 caducis
204 3442 374 3512 laboribus
389 3442 528 3537 fatigare
544 3472 551 3512 :
566 3458 605 3511 ut
620 3444 717 3512 video
731 3442 872 3529 multos,
889 3444 1010 3512 misera
1028 3443 1127 3512 simul

55 3567 89 3623 et
108 3553 242 3648 ingrata
263 3553 408 3646 imagine
429 3553 617 3640 industriae,
634 3554 676 3622 ad
695 3554 857 3623 vilitatem
876 3556 925 3623 sui
943 3555 1126 3649 pervenire.

89 3743 206 3796 III.*De
220 3745 336 3794 Paullino
354 3740 455 3794 dictum
474 3740 509 3794 ad
522 3742 567 3804 II,
617 3744 1128 3815 terpretaturGronovius:Stultisoccu·

55 3840 99 3893 ep.
112 3839 145 3887 ²3
158 3822 197 3885 V,
209 3840 253 3893 cp.
268 3839 317 3890 193
330 3821 373 3883 X,
385 3839 427 3891 ep.
440 3820 499 3873 105.
517 3821 567 3872 Eu.
617 3821 770 3892 potionibus
777 3859 785 3885 ,
797 3839 868 3875 vana
879 3822 964 3892 specie
975 3821 1127 3892 diligentiae,

89 3906 227 3954 amorem
237 3905 319 3952 vitam
324 3937 401 3951 .....
400 3903 425 3968 s
418 3900 566 3968 augurale
614 3899 1129 3972 jactandosese,etinvannmlaborando,

54 3978 105 4032 bac
117 3981 176 4033 vitae
188 3980 318 4032 brevitate
336 3997 363 4031 se
380 3977 525 4048 defatigare
542 3989 568 4030 et
616 3981 668 4032 hoc
684 3981 802 4052 assequi,
816 3993 846 4032 ut
861 3981 972 4034 leviores
987 3994 1012 4032 et
1025 3984 1128 4052 pejores

53 4076 189 4112 macerare
199 4058 335 4111 laboribus
349 4057 482 4111 inanibus.
491 4057 523 4110 E.
532 4086 568 4097 -
617 4058 775 4122 habeantur,
786 4078 865 4130 quam
878 4060 899 4110 si
909 4061 1069 4130 quievissent
1079 4077 1085 4110 ε
1096 4059 1128 4110 si-

53 4142 178 4206 lmagine.
190 4177 196 4189 .
209 4176 215 4188 .
227 4141 370 4206 ‚pervenire
382 4135 509 4190 Praeclarc
525 4136 568 4189 in·
617 4138 697 4209 hique
704 4139 753 4209 ipsi
760 4139 918 4210 exprobrent
926 4139 1074 4201 stultitiam,
1082 4138 1129 4207 qui
