2654 4822
183 356 229 427 26
452 359 489 424 C.
515 357 688 426 PLINII
713 355 809 423 LIB.
837 356 946 424 VIII.

181 479 342 549 medearis
359 479 496 547 scientia
512 493 588 565 tua,
606 477 660 547 cui
678 499 809 570 semper
826 477 889 545 fuit
906 502 1007 562 cura,
1024 478 1070 549 sic
1085 480 1162 573 jura
1182 505 1244 573 pu·

180 588 284 678 blica,
311 604 350 658 ut
369 590 516 683 privata;
536 589 583 656 sic
603 588 760 681 antiqua,
779 601 818 654 ut
838 588 1003 674 recentia3
1021 588 1068 656 sic
1090 614 1187 671 rara,
1205 605 1245 658 ut

130 725 159 759 11
180 700 326 787 assidua,
348 713 501 769 tractare.
519 703 630 792 Atque
651 722 713 792 ego
731 697 877 765 arbitror
895 695 959 765 illis
978 699 1098 783 etiam,
1120 699 1245 792 quibus

178 808 399 903 plurimarum
421 833 534 877 rerum
559 809 696 904 agitatio
723 807 879 902 frequens
900 807 983 876 nihil
1002 833 1070 877 esse
1088 810 1244 902 ignotum

177 917 389 1010 patiebatur,
406 942 511 1010 genus
534 918 743 1011 quaestionis,
758 917 848 1010 quod
861 905 965 985 allero
979 918 1021 985 ad
1036 933 1084 1003 te,
1100 934 1245 988 autnon

178 1028 257 1096 satis
276 1028 412 1112 tritum,
426 1042 485 1096 aut
494 1028 594 1096 etiam
603 1029 813 1120 inexpertum
822 1027 933 1096 fuisse.
943 1030 1017 1096 Hoc
1025 1042 1059 1095 et
1068 1053 1131 1123 ego
1140 1053 1244 1097 excu-

178 1137 297 1221 satior,
317 1137 344 1206 si
366 1137 452 1207 forte
471 1162 543 1205 sum
562 1136 692 1230 lapsus,
710 1152 744 1205 et
761 1152 800 1205 tu
821 1135 954 1230 dignior
972 1135 1084 1227 laude,
1103 1139 1129 1206 si
1147 1155 1245 1232 potes

128 1267 158 1303 1²
178 1245 213 1314 id
229 1272 363 1340 quoque
381 1247 521 1334 docere,
536 1245 627 1341 quod
641 1247 676 1314 in
690 1247 834 1314 obscuro
850 1260 915 1332 est,
929 1270 972 1314 an
988 1247 1150 1316 didiceris.
1172 1253 1243 1318 Re·

177 1356 348 1426 ferebatur
362 1357 403 1426 de
417 1356 544 1426 libertis
555 1356 686 1456 Afranii
697 1356 817 1427 Dextri
828 1353 987 1440 consulis,
1000 1357 1166 1425 incertum
1182 1384 1244 1428 sua

177 1491 220 1559 an
230 1491 366 1537 suorum
376 1465 623 1551 manu,scelere
638 1491 681 1533 an
694 1466 871 1559 obsequio,
880 1468 1056 1560 perempti.
1066 1470 1135 1536 Hos
1144 1466 1244 1553 alius,

177 1575 303 1672 (Quod
321 1581 409 1672 Ego,
426 1576 485 1646 sed
503 1576 589 1654 nihil
608 1574 722 1669 refert)
746 1591 823 1669 post
843 1578 1060 1669 quaestionem
1077 1576 1244 1671 supplicio

176 1686 382 1775 liberandos,
402 1687 488 1755 alius
508 1687 542 1762 in
561 1685 704 1757 insulam
718 1683 931 1778 relegandos,
950 1686 1034 1754 alius
1050 1701 1157 1754 morte
1174 1712 1243 1780 pu·

176 1797 317 1866 niendos
335 1777 573 1867 arbitrabatur.
595 1796 749 1882 Quarum
769 1796 1008 1862 sententiarum
1028 1808 1120 1862 tanta
1138 1794 1244 1864 diver-

27 1934 30 1941 *
127 1919 158 1973 ,3
177 1908 257 1976 sitas
274 1921 361 1992 erat,
380 1922 419 1979 ut
435 1931 504 1974 non
523 1919 659 1999 possent
676 1929 763 1986 esse,
783 1904 848 1971 nisi
866 1904 1012 1998 singulae.
1036 1905 1130 1993 Quid
1150 1906 1241 1973 enim

174 2042 353 2087 commune
366 2017 484 2100 habet,
497 2015 649 2084 occidere
662 2030 697 2083 et
709 2014 878 2108 relegare?
887 2017 964 2084 Non
973 2015 1109 2083 hercule
1119 2018 1241 2110 magis,

175 2153 278 2222 quam
294 2127 442 2221 relegare
456 2141 490 2195 et
504 2124 691 2193 absolvere:
711 2148 904 2217 quanquam
918 2125 1057 2219 propior
1068 2124 1241 2218 aliquanto

175 2251 225 2316 est
243 2239 414 2307 sententiae
432 2234 626 2329 relegentis,
644 2258 717 2327 quae
736 2232 931 2318 absolverit,
950 2259 1051 2328 quam
1064 2260 1137 2328 quae
1151 2239 1240 2306 occi-

175 2347 278 2432 derit;
294 2362 436 2440 utraque
454 2345 545 2414 enim
564 2369 605 2414 ex
625 2343 689 2412 illis
709 2345 812 2413 vitam
826 2343 998 2437 relinquit,
1015 2346 1085 2414 haec
1104 2346 1239 2416 adimit:

176 2480 282 2551 quum
297 2455 432 2524 interim
450 2468 485 2524 et
501 2456 560 2547 qui
573 2468 681 2523 morte
694 2455 897 2547 puniebant,
913 2457 1016 2548 etqui
1029 2454 1239 2550 relegabant,

174 2589 244 2636 una
254 2563 431 2649 sedebant,
445 2578 479 2632 et
490 2564 692 2657 temporaria
703 2562 915 2632 simulatione
924 2564 1110 2634 concordiae
1120 2565 1241 2635 discor-

125 2693 157 2751 14
174 2674 263 2742 diam
279 2673 488 2742 differebant.
503 2677 577 2767 Ego
588 2671 815 2767 postulabam,
826 2688 864 2741 ut
873 2673 979 2742 tribus
989 2675 1158 2743 sententiis
1166 2668 1241 2744 eon·

174 2799 276 2855 staret
294 2808 372 2854 suus
386 2809 563 2872 numerus,
577 2808 639 2853 nec
655 2808 689 2852 se
704 2784 861 2853 brevibus
877 2783 1019 2854 induciis
1034 2784 1108 2852 duae
1119 2786 1239 2881 junge·

211 3031 254 3065 11.
267 3017 309 3063 Aa
322 3014 446 3063 dalmatis.
459 3009 516 3062 Hoc
526 3022 580 3073 est,
593 3028 627 3061 an
638 3009 679 3062 in·
727 3009 880 3080 simpliciter
897 3028 1006 3062 narrare
1022 3010 1112 3080 incipit
1127 3010 1240 3083 alicujus

174 3091 267 3145 ciderit
284 3103 330 3143 tua
348 3102 423 3144 atate
440 3089 498 3143 talis
515 3089 631 3160 species,
650 3100 680 3141 ut
727 3091 901 3143 seutentiam:
916 3088 1012 3141 deinde
1022 3090 1112 3162 fingit,
1123 3093 1239 3144 amicum

173 3169 292 3224 discendi
306 3171 356 3223 sub
372 3169 493 3241 exemplo
511 3170 590 3222 fuerit
603 3187 680 3221 occa·
727 3169 902 3238 interrogare,
912 3172 971 3234 Quis
978 3181 1017 3220 est
1026 3169 1070 3221 ille
1079 3170 1239 3224 aliustltuie

175 3250 221 3302 sio.
235 3249 269 3303 G.
283 3282 318 3290 —
335 3249 435 3320 Nempe
454 3253 546 3300 discere
560 3266 680 3302 caussam
728 3260 829 3318 poterat
837 3247 998 3319 respondere
1012 3254 1066 3317 Ego
1075 3270 1084 3300 :
1094 3249 1237 3313 nimirum,

173 3329 278 3400 proprie
291 3329 387 3383 dicitur
399 3341 527 3399 patronus
541 3345 556 3380 a
570 3327 680 3389 cliente,
729 3345 756 3381 se
763 3328 843 3380 fuisse
851 3328 937 3398 ipsum
944 3328 972 3380 in
979 3328 1030 3380 hac
1040 3329 1177 3382 sententia.
1185 3330 1239 3383 Sed

174 3409 221 3481 qui
236 3428 295 3462 eam
312 3412 400 3460 docere
411 3427 485 3479 aeque
496 3405 603 3478 proprie
616 3404 680 3459 dici·
728 3405 836 3459 sustinet
849 3426 892 3470 se,
904 3425 988 3478 quum
1002 3408 1069 3459 nihil
1082 3407 1115 3460 ad
1125 3427 1182 3460 rem
1197 3410 1237 3462 sa-

173 3499 226 3541 tur.
243 3489 275 3540 E.
293 3488 407 3540 —Vera
423 3488 496 3549 hac,
515 3485 562 3539 sed
581 3484 680 3538 abhoc
728 3484 788 3538 ciat.
802 3486 908 3550 Exhis,
922 3499 1239 3559 quaesequuntur‚appa-

173 3569 233 3621 loco
251 3567 353 3631 aliena,
372 3585 451 3638 quem
464 3566 599 3618 Gesnerus
612 3564 680 3615 bene
727 3575 781 3626 ret,
800 3565 910 3617 omuino
926 3566 1041 3619 Plinium
1061 3567 1088 3618 in
1109 3585 1140 3618 ea
1156 3567 1238 3620 fuisse

173 3648 367 3718 interpretatur.
378 3647 405 3698 S.
727 3644 872 3707 sententia,
884 3664 971 3698 servos
983 3664 1038 3698 esse
1050 3646 1235 3701 absolvendos.

212 3745 253 3778 η.
265 3727 367 3794 Afranii
375 3726 465 3776 Dextri
476 3726 529 3775 Cos.
546 3721 579 3777 In
592 3721 679 3773 Alme·
728 3723 761 3776 G.
773 3754 808 3764 -
823 3723 856 3776 Id
871 3727 928 3796 jam
943 3744 1015 3778 nunc
1034 3738 1161 3797 apparet,
1181 3746 1238 3780 non

173 3805 334 3860 loveenianis
353 3803 424 3857 laetis
439 3802 551 3856 refertur
564 3799 600 3854 ad
615 3819 678 3859 auu.
728 3801 835 3855 demum
850 3823 882 3855 ex
895 3805 1071 3874 sequentibus.
1084 3806 1111 3857 S.

174 3887 242 3938 Urb.
255 3886 321 3936 Con.
334 3884 397 3945 850,
409 3891 469 3952 poet
483 3881 514 3934 C.
531 3882 566 3934 N.
581 3880 630 3948 98,
648 3897 679 3932 ex
765 3883 807 3935 13.
819 3887 1003 3936 Abrohom...
1015 3886 1138 3935 occiderit.
1149 3885 1237 3937 Immo

173 3964 236 4017 Kal.
252 3963 347 4015 Octob.
366 3963 405 4015 De
420 3959 531 4014 historia
547 3978 602 4013 nou
614 3970 679 4030 puto
728 3964 850 4013 adsedit..
859 4000 879 4014 ..
896 3965 1008 4015 occidit.-
1026 3962 1114 4032 sicque
1130 3964 1237 4017 Cortius

174 4042 280 4098 aliunde
292 4055 423 4096 constare.
434 4040 469 4094 G.
728 4057 789 4092 cum
806 4041 930 4113 Gierigio
943 4042 971 4095 S.
989 4071 1024 4080 —-
1041 4048 1095 4094 Una
1110 4047 1235 4096 sedebant.

209 4129 301 4176 -Hos
312 4125 375 4174 alins
388 4124 477 4192 (Qar's.³
488 4122 578 4191 Egra).
594 4119 680 4173 Primo
728 4119 827 4192 Nempe
840 4120 868 4173 in
877 4120 929 4174 hoc
940 4122 1148 4188 conveniebant,
1162 4122 1236 4194 quod
