2654 4822
215 327 258 399 32
502 333 539 399 C.
565 331 735 401 PLINII
761 334 857 402 LIB.
874 334 986 402 VIII.

224 539 1268 561 ΊΜΜΜΜΜΜΜΜΜΜΜΜΜΜΜΜΜΜΜΜΜΜΜ

678 727 804 815 XVI.
853 747 856 751 ’

213 961 258 1014 De
274 953 383 1013 morbis
401 967 431 1012 et
445 966 539 1011 morte
552 973 703 1012 servorum
722 953 869 1030 queritur,
883 953 988 1012 additis
1004 955 1122 1013 solatiis.
1138 959 1167 1013 Is
1181 968 1281 1016 autem

253 1071 351 1110 sensus
368 1063 449 1109 tauto
468 1051 557 1128 magis
579 1050 705 1108 animum
724 1051 785 1127 ejus
801 1050 1000 1122 commendat,
1017 1064 1126 1128 quanto
1143 1051 1281 1113 duriores

253 1149 378 1207 Romani
391 1146 523 1227 plerique
534 1148 594 1205 ferc
607 1167 707 1205 omnes
721 1160 804 1205 erant
817 1148 848 1204 in
863 1147 1018 1206 tractandis
1033 1149 1133 1208 servis.
1147 1154 1201 1209 Eu.

423 1355 452 1401 c.
480 1353 658 1401 nummus
682 1329 911 1400 nanniano*
936 1354 1068 1400 suos.

262 1537 518 1605 Conrnonnunr
536 1557 590 1600 me
609 1531 819 1601 infirmitates
836 1557 1004 1620 meorum,
1021 1549 1146 1602 mortes
1162 1536 1280 1629 etiam,

214 1659 247 1713 et
264 1643 398 1739 quidem
413 1643 588 1734 juvenum.
603 1639 729 1734 Solatia
745 1640 829 1724 duo,
846 1667 1056 1736 nequaquam
1071 1646 1166 1737 paria
1181 1659 1280 1715 tanto

214 1755 339 1839 dolori,
356 1753 472 1821 solatia
490 1767 602 1820 tamen
617 1777 624 1819 ε
638 1776 744 1818 unum
767 1749 909 1820 facilitas
931 1753 1189 1822 manumittendi
1207 1756 1276 1852 (vi-

214 1864 296 1932 deor
313 1865 404 1932 enim
423 1887 493 1931 non
513 1863 651 1930 omnino
671 1861 868 1929 immaturos
889 1861 1086 1954 perdidisse,
1106 1889 1191 1959 quos
1206 1864 1279 1958 jam

215 1973 336 2044 liberos
356 1973 514 2068 perdidi),
533 1973 701 2061 alterum‚·
714 1998 819 2066 quum
837 1975 996 2066 permitto
1019 1978 1122 2045 servis
1143 2002 1279 2072 quoque

215 2087 308 2179 quasi
339 2099 537 2153 testamenta
566 2083 691 2172 facere,
716 2109 835 2177 eaque,
861 2099 899 2153 ut
922 2084 1086 2178 legitima,
1111 2086 1277 2157 custodio.

181 2230 195 2262 2
214 2194 379 2264 Mandant
394 2208 595 2287 rogantque,
610 2194 699 2287 quod
714 2195 822 2262 visum
842 2219 849 2261 :
869 2220 969 2288 parco
988 2211 1027 2263 ut
1040 2197 1162 2288 jussus.
1182 2198 1278 2267 Divi·

214 2304 316 2394 dunt,
334 2305 477 2392 donant,
497 2303 709 2397 relinquunt,
729 2303 891 2373 duntaxat
909 2306 998 2374 intra
1019 2306 1176 2376 domum:
1198 2332 1278 2376 nam

180 2431 196 2483 3
215 2417 316 2485 servis
334 2415 522 2510 respublica
537 2413 689 2507 quaedam
707 2429 740 2481 et
757 2414 851 2507 quasi
869 2415 986 2483 civitas
1001 2415 1120 2485 domus
1136 2431 1197 2485 est.
1213 2417 1278 2486 Sed

214 2550 416 2620 quamquam
435 2525 487 2592 his
510 2523 636 2593 solatiis
658 2524 883 2617 acquiescam,
900 2522 1058 2592 debilitor
1082 2539 1116 2592 et
1140 2524 1278 2621 frangor

214 2635 329 2704 eadem
352 2634 408 2703 illa
425 2635 652 2721 humanitate,
667 2657 740 2726 quae
758 2657 829 2716 me,
846 2647 886 2701 ut
900 2633 965 2702 hoc
980 2634 1091 2726 ipsum
1104 2636 1277 2728 permitte-

213 2771 302 2841 rem,
324 2744 468 2812 induxit.
491 2746 568 2814 Non
593 2743 667 2811 ideo
692 2757 804 2811 tamen
832 2741 932 2810 velim
955 2743 1072 2811 durior
1096 2743 1182 2813 ficri.
1205 2747 1278 2816 Neo

215 2857 351 2949 ignoro,
364 2853 447 2924 alios
460 2853 652 2946 hujusmodi
667 2878 761 2922 casus
774 2853 858 2922 nihil
872 2853 1013 2949 amplius
1027 2878 1161 2942 vocare,
1176 2880 1278 2950 quam

249 3068 455 3121 XVI.*Patemi
463 3067 544 3138 hujus
557 3065 656 3138 judicio
672 3084 720 3118 au·
766 3066 1215 3136 ‚timafacerejusRomanumservo
1223 3087 1277 3120 non

215 3160 273 3200 ctor
292 3146 434 3218 aliquando
453 3165 542 3200 servos
561 3157 669 3198 emerat.
688 3146 719 3210 Ι,
769 3144 943 3216 permittebat.
956 3146 1008 3196 En.

215 3246 257 3298 ep.
274 3247 315 3280 21.
328 3227 379 3279 Eu.
585 3285 589 3293 Ἴ
806 3225 1278 3293 2.Pareorttju‘ssus.Divid1mt.Etiam

253 3326 275 3359 1.
286 3314 343 3357 Iam
353 3310 447 3357 liberos.
458 3303 615 3376 Propediem
628 3321 721 3354 manu-
768 3302 812 3354 hic
830 3303 903 3354 locus
918 3303 1038 3356 Mediceo
1053 3304 1121 3355 libro
1137 3306 1278 3357 sanitatem

215 3384 371 3449 mittendos,
385 3403 438 3456 qua
450 3403 479 3435 re
490 3402 544 3435 non
556 3381 635 3433 modo
648 3381 721 3434 dam·
769 3380 855 3434 debet.
878 3381 944 3445 Alii,
959 3402 1038 3450 pareo
1052 3385 1127 3433 ocius.
1144 3386 1198 3434 Suis
1215 3387 1277 3436 divi·

215 3484 280 3517 num
298 3464 441 3529 minuitur3
460 3461 506 3514 sed
523 3462 568 3513 illa
587 3459 721 3526 humanis·
769 3463 838 3512 dcent.
852 3459 886 3512 G.

215 3545 281 3597 sima
294 3544 411 3597 exoritur
424 3540 583 3604 consolatio,
594 3539 679 3590 vicem
691 3538 722 3589 il·
800 3570 839 3607 Ι-
846 3542 922 3604 Quasi
929 3540 1119 3602 civitas.Quum
1128 3540 1193 3608 alias
1202 3557 1278 3607 caput

214 3624 247 3676 lis
257 3644 309 3696 pro
319 3623 373 3676 suis
382 3621 481 3673 meritis
490 3618 630 3672 redditam.
641 3617 675 3670 G.
686 3647 722 3657 —
768 3636 824 3670 non
836 3618 932 3670 habeat
941 3636 1049 3680 servus,
1063 3636 1113 3669 nec
1122 3618 1206 3671 ullam
1216 3621 1278 3673 civi·

215 3706 318 3765 Immo,
339 3703 395 3770 jam
416 3698 601 3750 manumissos.
626 3695 719 3749 Facilis
747 3697 798 3760 ¹lis
804 3698 872 3769 juris
884 3696 1155 3760 communionem,ac
1165 3697 1278 3769 proinde

214 3796 303 3835 autem
325 3778 516 3841 manumIssio‚
539 3776 586 3828 tali
610 3776 719 3828 fortasse
767 3776 1278 3848 necfacerctestamentum,necperci·

214 3860 350 3914 occasione
360 3858 461 3919 oblata,
473 3856 558 3925 qualis
566 3855 718 3925 supraVIL
767 3875 829 3926 pere
841 3874 871 3908 ex
881 3856 932 3907 alio
945 3868 1100 3908 testamento
1110 3856 1258 3929 quidquam
1268 3895 1277 3921 ‚

216 3943 265 4002 32,
285 3948 453 3990 memoratur.
474 3935 500 3987 S.
517 3965 552 3974 -
568 3938 646 3999 Quum
661 3935 720 4000 par-
768 3933 841 4006 quod
854 3953 930 3987 suum
942 3935 992 3998 sit,
1006 3935 1105 4007 possit,
1122 3954 1206 4006 quum
1219 3937 1277 4008 ipse

214 4023 293 4070 ntitto.
304 4016 409 4071 Curtius
419 4027 445 4067 et
452 4013 583 4085 Gierigius
593 4017 662 4080 qnod
664 4033 721 4080 per·
768 4015 802 4066 sit
815 4013 923 4066 domini.
937 4012 971 4066 G.

214 4102 292 4151 mitro.
306 4097 386 4150 Bene.
403 4096 430 4150 S.
446 4126 481 4135 —
493 4099 646 4145 Testamenta
658 4092 721 4163 legi·
806 4092 831 4146 3.
844 4095 948 4145 Alios...
959 4095 1083 4144 damnum.
1096 4094 1187 4159 Quum
1197 4095 1278 4148 mori·
