2654 4822
60 331 1116 355 MWUWWMQWWUWBWWWW

218 669 525 788 LIBER
584 669 955 792 NONUS.

395 960 787 993 ..doe-.—

570 1148 607 1232 Ι.

54 1338 219 1433 'Hairimnm
231 1370 380 1442 hortatur,
396 1383 430 1429 ut
442 1369 549 1443 libros,
563 1384 664 1429 contro
676 1372 807 1430 Plantam
822 1376 922 1432 visum
936 1379 1128 1454 compositos,

142 1470 261 1529 festinet
275 1468 378 1541 edere,
390 1488 428 1526 ne
444 1482 512 1547 post
526 1482 649 1527 mortem
662 1469 723 1548 ejus
737 1471 888 1530 inchoasse
903 1472 1044 1534 videatur.

293 1677 324 1722 C.
352 1677 533 1723 PLINIUS
558 1677 738 1723 MAXIMO
764 1679 843 1725 SUO
868 1680 894 1725 S.

64 1832 197 1952 suris
218 1889 251 1942 te
270 1873 401 1955 monui,
415 1886 454 1939 ut
472 1870 590 1958 libros,
603 1897 688 1965 quos
702 1872 753 1942 vel
770 1899 832 1967 pro
848 1890 897 1964 te,
909 1877 963 1946 vel
982 1880 1018 1946 in
1035 1880 1132 1948 Plan-

62 2002 148 2069 tam,
159 1987 264 2054 immo
277 1996 312 2052 et
326 2006 388 2076 pro
401 1996 434 2049 te
447 1982 528 2049 etin
543 1980 637 2049 illurn
651 1982 711 2076 (ita
726 1985 816 2052 enim
828 1988 967 2055 materia
978 1990 1134 2085 cogebat)

62 2093 302 2189 composuisti,
327 2115 427 2184 quam
456 2091 678 2160 maturissime
705 2093 902 2162 emitteres:
923 2097 1014 2188 quod
1042 2124 1134 2167 nunc

62 2204 248 2301 praecipue,
261 2215 370 2270 morte
385 2202 456 2294 ejus
471 2199 601 2288 audita,
619 2216 653 2269 et
667 2201 802 2288 hortor,
816 2219 849 2272 et
862 2230 992 2275 moneo.
1006 2209 1134 2297 Quam·
1153 2230 1167 2261 ²

62 2318 112 2385 vis
125 2317 217 2384 enim
235 2313 354 2408 legeris
370 2310 502 2396 multis,
521 2309 744 2405 legendosque
763 2311 909 2397 dederis,
926 2316 1005 2384 nolo
1020 2332 1133 2386 tamen

63 2449 268 2520 quemquam
281 2422 432 2516 opinari,
450 2419 607 2491 defuncto
624 2421 758 2490 demum
776 2424 964 2513 inchoatos,
983 2453 1067 2520 quos
1083 2430 1133 2497 in-

64 2534 189 2605 columi
207 2558 248 2601 eo
265 2531 433 2626 peregisti.
459 2530 557 2600 Salva
574 2532 617 2599 sit
639 2532 700 2599 tibi
723 2535 916 2603 constantine
935 2535 1035 2605 fama.
1059 2539 1134 2607 Erit
1153 2549 1168 2598 3

64 2660 194 2729 autem,
208 2643 369 2711 sinotum
384 2641 487 2734 aequis
501 2641 690 2735 iniquisque
705 2641 823 2730 fuerit,
837 2670 906 2712 non
920 2661 996 2740 post
1008 2647 1134 2717 inimici

64 2768 208 2822 mortem
225 2749 394 2821 scribendi
409 2750 470 2818 tibi
483 2765 598 2818 natam
614 2776 684 2820 esse
696 2750 872 2838 fiduciam,
886 2754 944 2823 sed
955 2756 1024 2849 jam
1039 2782 1134 2851 para-

64 2880 134 2934 tam
150 2861 332 2933 editionem
345 2875 452 2930 morte
465 2875 679 2955 praeventam.
694 2862 800 2931 Simul
814 2865 934 2935 vitabis
950 2866 1047 2955 illud,

305 3032 376 3122 Οὐχ
389 3029 455 3105 ὁσίη
471 3029 667 3123 φθιμένοισιν.

66 3192 156 3261 Nom
169 3186 261 3282 quod
275 3184 317 3254 de
330 3186 463 3254 vivente
476 3186 655 3280 seriptum,
670 3185 711 3253 de
727 3187 860 3255 vivente
876 3190 1052 3259 recitatum
1068 3209 1134 3281 est,
1154 3201 1172 3265 4

67 3302 103 3369 in
123 3297 323 3369 defunctum
345 3321 494 3390 quoque,
511 3312 670 3390 tanquam
688 3297 855 3365 viventem
870 3298 995 3387 adhuc,
1013 3302 1135 3391 editur,

65 3411 221 3481 sieditur
235 3409 358 3477 statim.
377 3407 502 3502 Igitur,
516 3408 543 3476 si
561 3406 642 3502 quid
659 3406 749 3475 aliud
763 3408 798 3476 in
812 3409 983 3497 manibus,
1003 3413 1135 3481 interim
1156 3419 1171 3471 5

100 3603 578 3673 I.1.Quissuerit1²lanta,incertum:
626 3606 741 3675 optimos
756 3623 875 3679 quosque
895 3608 976 3661 libros
990 3629 1054 3662 oum
1069 3611 1136 3664 Cor-

66 3691 104 3754 X,
115 3687 196 3760 ep.5‚
207 3685 325 3739 occurrit
335 3686 463 3753 Pompeius
473 3687 578 3744 Planta,
629 3685 676 3738 tio.
693 3686 733 3737 Ex
752 3687 880 3742 memoria
900 3686 1018 3743 laudavit
1036 3691 1137 3744 Plinius

66 3766 177 3842 AEgypti
189 3765 337 3835 praefectus.
356 3760 472 3828 Quidam
488 3780 581 3815 corru·
629 3764 732 3829 Iocum,
741 3778 781 3830 et,
795 3779 824 3818 ut
838 3767 922 3820 solent
933 3768 960 3818 in
974 3770 1042 3822 notis
1053 3771 1136 3824 versi-

66 3858 164 3919 perunt
175 3846 204 3899 in
215 3849 330 3903 Plutum,
345 3847 449 3904 Palam,
465 3852 514 3894 etc.
529 3841 579 3896 Eu.
630 3844 680 3896 bus
690 3883 697 3909 ‚
708 3846 829 3918 abrupte.
837 3847 871 3899 G.
879 3849 981 3901 -Non
990 3861 1068 3919 puto,
1078 3872 1137 3922 μνη-

110 3929 196 3996 soeg
205 3922 582 3995 toln.Edeyss.2‚412:OIg
632 3929 725 3996 nostris
738 3944 794 3979 esse
810 3928 948 3999 ἁμάρτημα
958 3947 965 3981 :
976 3927 1022 3979 sed
1034 3929 1136 3980 Plinius

66 4010 122 4064 ὁσίη
142 4008 300 4078 κταμένοισιν
319 4007 360 4057 ἐπ’
379 4000 497 4074 ἀνδράσιν
515 4005 582 4070 ulge-
629 4007 688 4067 ἔπος
701 4003 768 4055 illud
779 4005 899 4057 consulto
907 4004 1013 4058 videtur
1021 4005 1135 4059 inflexis·

66 4090 186 4141 reason.
196 4087 307 4139 Secutus
323 4101 381 4135 sum
393 4082 544 4136 Mediceum
555 4093 581 4133 et
629 4101 672 4144 se,
682 4094 711 4135 ut
722 4081 756 4134 ad
767 4101 822 4134 rem
831 4101 906 4135 suem
919 4085 1026 4137 faceret.
1036 4084 1063 4135 S.

943 4171 982 4250 4.
