2654 4822
199 387 241 433 10
478 366 524 433 C,
541 365 713 433 PLINII
737 366 835 432 LIB.
861 365 973 433 VIII.

159 508 175 557 6
194 509 489 558 arnavonnnrrsru
501 509 606 594 svart.
625 485 719 574 Quid
729 489 819 554 euim
829 489 957 556 senatui
968 487 1152 583 pulchrius,
1163 514 1264 585 quam

193 612 323 692 uterga
331 595 517 667 Pallantem
527 597 606 665 satis
617 611 732 690 gratus
742 597 935 666 videretur?
950 599 1112 690 Additur,
1122 625 1168 671 vr
1178 627 1264 673 run·

93 732 95 736 ⁴
192 732 274 796 aas,
284 707 346 775 eui
361 731 395 774 se
407 731 523 775 omnes
538 731 601 800 pro
615 706 703 774 virili
718 723 815 801 parte
828 707 993 802 obligatos
1007 709 1171 794 fatentur,
1189 737 1265 785 sut-

140 852 143 856 *
193 839 343 888 evnarus
372 840 488 906 rrum,
516 840 726 887 sinevnaurs
749 841 946 888 rnnvsrnna
966 843 1131 890 rnvcrvrr
1151 844 1264 892 Manr-

192 950 332 1022 rlssnro
349 951 474 996 aaran
496 926 648 995 Prolatos
667 927 799 1021 imperii
818 928 920 1012 fines,
937 927 1086 997 redditos
1101 935 1265 1001 exereitus

158 1063 173 1113 7
192 1023 382 1130 reipublicae
403 1037 528 1107 eredas.
555 1037 840 1126 adamantis,
864 1063 965 1120 viru
980 1063 1132 1111 san-arvi
1152 1066 1265 1122 ¹rorv-

191 1172 308 1230 noovr
332 1172 485 1218 noriano
510 1171 777 1223 nrrrnanrrrrrs
808 1173 965 1218 enarroa
992 1173 1267 1222 arrnasunranl

193 1281 308 1330 avana
334 1282 496 1327 uersuta
514 1251 658 1341 rossan,
678 1281 781 1340 Qvaru
800 1281 831 1329 sr
850 1282 1149 1343 aesrrnnnrrssnur
1169 1284 1267 1330 amn

192 1391 393 1450 ussrnrove
431 1391 598 1438 cvsroms
632 1391 887 1437 Parucrrsrrvn
915 1393 1016 1437 orvn
1048 1392 1266 1441 rucvrrurrs

154 1520 157 1524 ·
192 1502 376 1548 aulvvann
385 1503 624 1549 corrrorssnr.
640 1475 714 1545 Hoc
727 1492 809 1547 tunc
818 1492 934 1546 votum
946 1492 1096 1563 senatus;
1112 1479 1176 1547 hoc
1188 1504 1268 1571 prae·

193 1588 331 1682 cipuum
350 1577 509 1682 gaudium
530 1579 665 1682 populi,
684 1588 755 1655 haec
770 1586 977 1656 liberalitatis
991 1590 1130 1656 materia
1145 1591 1266 1683 gratis-

193 1699 295 1786 sima,
320 1699 347 1766 si
369 1697 530 1766 Pallantis
552 1697 726 1765 facultates
752 1696 909 1790 adjuvare
930 1696 1141 1790 publicarum
1162 1724 1268 1793 opum

160 1825 176 1877 8
192 1809 363 1901 egestione
373 1810 595 1901 contingeret.
617 1811 691 1875 Jam
704 1832 779 1900 quae
794 1821 998 1900 sequuntur,
1010 1808 1174 1877 uomssn
1186 1834 1268 1891 Qvi-

192 1942 269 1987 naru
288 1943 454 1988 serarvru
471 1941 642 2004 sansana,
658 1941 812 1987 nannvar
827 1942 874 1985 rx
889 1940 1039 1985 arsuro.
1049 1940 1268 1988 snsrrnrrvru

194 2051 335 2098 cannas
351 2039 608 2115 ovrnovaeras;
628 2054 671 2097 nr
689 2051 834 2110 Qvunro
848 2051 891 2096 aa
906 2051 1077 2097 ervsraonr
1090 2051 1269 2110 cvrrnrra·

195 2163 293 2208 rrnvs
316 2163 501 2209 aanorron
527 2164 603 2208 atvs
629 2163 763 2209 anrnvs
789 2162 906 2223 asser,
934 2162 1052 2240 argiro
1080 2137 1268 2211 rurensrvs

193 2274 325 2319 Parare
356 2274 380 2318 A
406 2258 551 2319 nvanroo
578 2273 756 2335 euasura,
776 2272 821 2317 vr
845 2267 921 2317 nvn
943 2271 1195 2334 corriperemur
1217 2273 1267 2318 un

138 2378 386 2429 ‘acanannvru
417 2383 577 2430 senarvr.
608 2359 649 2429 Id
677 2383 764 2426 vero.
789 2358 919 2445 deerat,
949 2373 988 2426 ut
1012 2385 1089 2427 eum
1113 2357 1267 2426 Pallante

195 2471 393 2539 auctoritate
409 2468 545 2563 publica
562 2484 716 2563 ageretur
732 2495 740 2536 ι
755 2468 864 2536 Pallas
878 2484 1069 2561 rogaretur,
1081 2471 1283 2537 ut'senatui.

195 2579 351 2648 eederet:
374 2593 411 2646 ut
432 2578 480 2647 illi
500 2581 743 2672 superbissimae
763 2578 973 2647 abstinentiae
989 2583 1100 2648 Caesar
1117 2581 1187 2671 ipse
1204 2605 1265 2672 pa·

194 2821 266 2856 mam
279 2801 457 2854 adulationem
470 2801 629 2863 detestatur,
647 2819 705 2870 quta
791 2806 816 2853 8.
831 2808 888 2851 Jam
898 2821 954 2868 quea
963 2818 1104 2869 sequantur.
1121 2804 1168 2856 Est
1181 2804 1266 2856 inter·

100 2898 108 2914 “
194 2883 374 2955 profanaverit
392 2880 459 2933 adeo
477 2881 594 2944 curiam,
615 2893 644 2932 ut
661 2899 705 2932 ex·
753 2882 865 2952 rogatio.
884 2881 911 2934 S.
929 2912 965 2921 -
986 2886 1266 2952 Centiesquiaqaagies.

194 2961 293 3034 pianda
307 2960 395 3014 luerit.
412 2961 446 3013 G.
753 2961 817 3013 vid.
832 2960 867 3013 ad
879 2962 949 3023 VII,
968 2979 1000 3028 ²9
1010 2997 1018 3023 ‚
1034 2979 1058 3012 2.
1073 2960 1107 3012 G.

233 3045 258 3094 6.
275 3045 357 3094 eut...
364 3044 487 3109 fatentur.
501 3041 631 3112 Gierigius
644 3058 706 3092 curn
790 3061 816 3110 9.
828 3044 919 3092 Pallas.
927 3039 1020 3090 Malim
1030 3040 1269 3094 utPallas.Ultima

124 3142 155 3192 Α
196 3121 288 3174 (lartio
300 3140 348 3192 pro
360 3132 437 3193 parte
449 3119 531 3192 ipsius
542 3120 604 3174 SCti
616 3120 704 3172 habet.
757 3121 858 3193 syllaba
868 3116 941 3170 verbi
953 3117 1089 3187 praegressi
1102 3117 1174 3170 hano
1186 3121 1269 3190 parti-

195 3200 708 3268 Accedo.S.-Provr'riliparte.Cicero
756 3196 1151 3261 culamviderurelisisseouod
1159 3199 1270 3269 siquem

196 3279 311 3351 Philipp.
325 3281 408 3344 xm,
424 3289 456 3345 4,
473 3299 535 3351 pag.
551 3284 627 3350 1647.
642 3281 706 3331 Ern.
757 3280 865 3331 attoties
874 3271 1016 3347 repetitum
1029 3276 1159 3343 offendat,
1170 3277 1270 3332 scriliat

199 3364 260 3409 Tam
270 3380 308 3410 me
321 3363 372 3427 ejm
385 3363 502 3431 beneficio
507 3363 566 3427 plns
578 3379 652 3425 quam
658 3378 707 3424 pro
742 3376 744 3380 ’
756 3377 802 3429 per
816 3377 858 3410 me
872 3356 934 3409 licet
950 3375 956 3407 :
976 3371 1005 3408 ut
1022 3360 1107 3408 Pallas
1126 3373 1269 3424 rogaretur,

196 3442 344 3506 vt'riliparte
353 3441 486 3507 obligatam
491 3452 564 3506 puto.
572 3436 708 3490 Ernestius
755 3441 853 3489 senatui
864 3441 965 3488 cederet.
976 3438 1002 3490 S.
1015 3468 1049 3476 -
1062 3440 1145 3487 Ceasar
1157 3439 1208 3503 ipse
1216 3459 1269 3503 pa·

196 3519 225 3571 in
242 3519 341 3571 Clave:
356 3544 367 3565 «
383 3521 465 3568 Virilis
477 3537 552 3585 pars,
571 3533 605 3568 ne
621 3528 709 3568 errent
757 3535 841 3571 tronus
850 3515 1018 3568 advocaretur}
1027 3515 1126 3567 Veram
1134 3526 1199 3585 puto
1208 3516 1271 3568 Aldi

196 3599 306 3660 tirones,
320 3609 350 3649 ut
360 3597 441 3667 vulgo
453 3595 498 3658 fit,
511 3607 550 3647 est
560 3595 709 3666 cujuscum-
757 3596 914 3658 lectionem,
929 3595 951 3646 si
964 3594 1176 3666 interpunctione
1190 3593 1269 3666 adju·

198 3695 251 3748 que
271 3677 311 3727 rei
330 3675 480 3745 oomirrunis
498 3675 636 3744 pluribus,
657 3676 710 3728 sive
757 3688 854 3728 vetur:
877 3679 960 3727 Caesar
979 3679 1043 3742 ilrse,
1061 3689 1183 3741 patronus
1200 3677 1268 3741 ipse,

149 3764 152 3772 ’
199 3756 277 3808 bonae
291 3766 316 3807 et
330 3755 409 3818 latre,
424 3753 479 3805 sive
492 3754 573 3805 tristis
587 3764 612 3806 et
626 3756 709 3807 mole·
759 3759 928 3808 advocaretur.
941 3752 1118 3824 Cogitandum
1132 3752 1164 3804 de
1180 3765 1271 3823 patro-

198 3847 260 3899 nae,
272 3854 333 3907 pars
344 3853 390 3899 ea,
403 3833 618 3906 quae-unicuique
627 3853 658 3887 ex
667 3853 710 3887 eo·
736 3831 738 3837 ’
758 3855 794 3888 no
801 3874 809 3900 ,
823 3854 877 3888 non
889 3836 945 3898 rei,
958 3832 1004 3887 sed
1016 3833 1110 3885 liberti.
1121 3831 1187 3884 Vid.
1198 3833 1270 3886 infra

197 3934 259 3970 rum
268 3933 380 3968 numero
389 3913 498 3966 debetur
505 3911 648 3984 aqualiter.
658 3939 671 3959 a
681 3914 707 3968 S.
758 3915 860 3968 x1.A1.
877 3912 960 3966 Caesar
975 3917 1026 3980 ipse
1041 3915 1175 3963 advocatus
1191 3927 1267 3973 asset,

198 3999 320 4048 -ridet
329 3994 434 4048 Cortius
447 3997 568 4067 ἀρχαϊκῶς
570 3997 635 4066 fide.
643 3993 707 4046 Vld.
758 3994 831 4067 quod
839 3994 939 4066 placuit
946 3992 1036 4046 Cortio
1043 4002 1069 4043 et
1076 3989 1233 4063 Gierig.Hac
1241 3992 1270 4044 iu

163 4137 169 4142 ,
198 4077 278 4130 Voss.
292 4075 326 4128 de
339 4075 454 4147 Analog.
466 4072 512 4127 lib.
525 4072 572 4139 11,
590 4091 613 4127 c.
625 4072 707 4138 XIX,
757 4074 818 4127 lect.
827 4091 874 4126 cur
880 4087 1004 4140 patronus
1013 4074 1063 4137 ipse
1070 4069 1204 4135 exciderit,
1214 4089 1270 4123 mo·

135 4187 137 4193 ·
198 4175 259 4229 pag.
274 4174 336 4227 77⁰·
350 4155 376 4210 S.
758 4151 1270 4222 nereuouattinet.Advocacrnesserglos·
