2654 4822
483 321 747 392 EPISTOLA
773 323 855 390 XV.
1151 322 1191 393 31

142 525 1184 549 mmmmmmmfflfflfflmm

611 718 713 806 XV.

200 946 266 1002 Non
281 940 400 1000 habenti
416 939 496 1018 quod
511 942 587 1017 legat
601 939 632 996 in
648 939 756 1010 vineis,
772 939 909 1016 legendos
924 942 1010 1000 mittit
1024 941 1122 1001 libros.

339 1151 371 1196 c.
399 1124 985 1196 rc11v1usruuroa1*suos.

178 1338 362 1403 Ousaavr
382 1344 414 1398 te
434 1344 484 1397 tot
503 1329 631 1422 pariter
650 1328 757 1396 missis
776 1327 1013 1400 voluminibus.
1034 1333 1100 1400 Sed
1117 1358 1193 1403 one-

137 1443 197 1510 ravi
218 1443 382 1536 primum,
394 1439 474 1532 quia
493 1461 665 1530 exegeram
680 1436 817 1524 deinde,
832 1439 910 1532 quia
930 1441 1107 1533 scripseras
1126 1458 1193 1512 tam

136 1552 266 1644 graciles
283 1552 358 1619 istic
374 1547 558 1617 vindemias
574 1571 660 1633 esse,
676 1554 715 1613 ut
731 1544 829 1641 plane
846 1549 965 1617 scirem
983 1550 1045 1617 tibi
1060 1567 1194 1621 vacatu·
1229 1629 1231 1638 Ι

134 1688 203 1730 mm
219 1660 323 1756 (quod
343 1656 445 1754 vulgo
467 1654 604 1750 dicitur)
623 1655 747 1725 librum
765 1655 885 1750 legere.
905 1654 1034 1727 Eadem
1054 1684 1093 1728 ex
1111 1660 1194 1730 meis
1213 1692 1227 1726 2

133 1771 241 1866 agellis
266 1771 475 1839 nuntiantur.
504 1769 612 1861 Igitur
633 1764 716 1834 mihi
740 1791 872 1860 quoque
895 1766 1009 1836 licebit
1033 1770 1194 1860 scribere,

131 1907 199 1974 quae
222 1879 327 1974 legas,
346 1881 390 1947 sit
410 1878 531 1963 mod0‚
553 1874 642 1944 unde
662 1874 786 1944 chartae
808 1877 874 1944 emi
894 1879 1024 1970 possint
1043 1905 1053 1948 τ
1070 1906 1144 1974 quae
1166 1884 1193 1949 si

129 1990 247 2058 scabrae
268 1988 430 2057 bibulaeve
448 1988 531 2073 sint,
550 1999 609 2054 aut
630 2011 700 2053 non
721 1984 954 2070 scribendum,
970 2002 1030 2055 aut
1050 2014 1120 2058 non
1137 2014 1193 2059 ne·

128 2100 285 2186 cessari0,
304 2097 468 2191 quidquid
490 2096 719 2189 scripserimus
739 2095 820 2162 boni
841 2095 980 2182 malive,
1000 2096 1192 2170 delebimus.

127 2205 219 2275 Vale.

157 2407 209 2459 XV
212 2449 218 2462 .
232 2409 245 2435 *
262 2407 382 2479 Intellige
403 2410 525 2461 Terentius
537 2411 633 2476 junior,
722 2424 746 2464 ι,
762 2409 907 2460 valebimus.
923 2407 1010 2461 Etiam
1027 2410 1071 2463 hic
1083 2411 1156 2465 lusus
1168 2414 1195 2466 in

124 2484 155 2538 de
172 2489 249 2560 cujus
269 2487 397 2541 modestia
418 2499 444 2539 et
460 2488 515 2539 otio
533 2486 552 2539 l.
562 2487 633 2549 VII,
683 2483 764 2535 verbo
777 2496 832 2536 est:
848 2485 894 2556 qui
913 2486 942 2539 in
959 2488 1051 2543 bibula
1067 2509 1098 2545 ac
1114 2511 1194 2564 spon·

124 2583 165 2637 ep,
180 2570 224 2622 25,
237 2567 289 2618 En.
682 2563 753 2634 giosa
764 2563 843 2617 nimis
853 2576 878 2616 et
889 2567 982 2619 scabra
993 2569 1083 2622 charta
1094 2572 1194 2634 scribit,

160 2648 453 2713 1.andvabgodiaitur.
464 2644 633 2697 Proverbium
682 2641 726 2693 ille
742 2641 922 2696 diffluentibus
941 2646 1021 2700 literis
1040 2649 1128 2702 delere
1145 2670 1195 2721 po-

125 2723 201 2795 igitur
215 2737 272 2777 tum
286 2725 353 2777 inter
366 2723 535 2776 scholasticos
547 2724 633 2776 homi·
682 2721 734 2773 tius
748 2731 773 2774 et
786 2722 879 2776 lituras
891 2724 980 2779 lacere
991 2745 1071 2799 quam
1082 2731 1195 2785 scribere

123 2823 168 2856 nes
176 2803 305 2855 usitatum
316 2802 395 2856 fuisse
402 2802 490 2867 debet,
502 2802 535 2855 de
543 2803 633 2874 gracili
681 2799 794 2853 videtur.
817 2801 852 2870 G.
868 2833 904 2847 ——
919 2805 1019 2871 Immo,
1041 2809 1077 2859 ait
1095 2808 1194 2882 Gierig.

124 2882 273 2945 vindemia,
289 2899 320 2934 ex
330 2882 498 2953 ambiguitate
511 2883 587 2935 verbi
600 2887 634 2934 le.
682 2891 774 2932 auctor
788 2878 816 2931 in
825 2881 922 2936 bibulis
934 2885 990 2936 vult
1003 2897 1115 2940 autnon
1130 2890 1195 2942 scri-

121 2981 177 3029 gere
189 2972 323 3024 tractum,
335 2981 429 3033 nempe
442 2963 494 3014 tale
504 2980 511 3014 :
522 2961 634 3014 Librum
681 2958 755 3021 bere,
765 2970 822 3025 aut,
833 2961 855 3012 si
864 2964 1012 3030 tentaverit,
1024 2966 1120 3036 scripta
1132 2987 1194 3021 mox

123 3060 175 3094 una
188 3040 332 3094 ferendum
346 3060 403 3094 esse
417 3041 444 3095 iu
454 3040 633 3104 vindemiam,
680 3036 788 3101 ¹delere,
801 3051 831 3090 ut
843 3039 910 3096 adeo
923 3044 999 3096 bonis
1010 3045 1109 3099 chartis
1124 3046 1192 3099 defi-

123 3123 166 3173 ut,
180 3113 202 3164 si
212 3131 269 3164 uvae
278 3132 333 3164 nou
343 3113 396 3165 sint
403 3150 411 3176 ‚
424 3113 458 3165 sit
468 3125 557 3165 tamen
567 3113 634 3165 liber
678 3117 807 3170 cientibus
826 3119 892 3172 nihil
911 3141 1043 3177 novorum
1060 3126 1193 3181 librorum

123 3191 167 3261 qui
180 3196 229 3260 legi
239 3193 331 3264 possit.
346 3192 381 3245 G.
522 3197 524 3200 ’
678 3195 712 3247 ab
722 3213 754 3247 eo
763 3200 967 3268 exspectandum
978 3204 1019 3258 sit.
1031 3205 1085 3259 Eo.
