2654 4822
462 319 732 386 Errsronr
757 321 823 386 xr.
1134 352 1177 423 ¹9

129 480 207 551 spere
233 455 421 549 explorata,
445 437 643 521 foecunditas
663 451 762 521 facit..
782 455 904 524 Iisdem
930 481 1022 527 nuno
1044 483 1108 553 ego
1127 477 1177 563 te,
1196 487 1211 538 3

130 569 231 661 quibus
249 569 360 660 ipsum
378 589 450 651 me,
469 564 602 649 hortor,
620 586 758 651 moneo,
771 566 955 636 confirmo:
971 573 1176 663 nequeenim

78 738 81 767 ÷
129 679 280 746 ardentius
301 693 338 745 tu
356 690 574 770 pronepotes,
591 700 692 768 quam
705 698 769 770 ego
783 675 904 745 liberos
917 679 1017 771 cupio
1034 705 1041 746 :
1056 682 1179 774 quibus

78 792 80 797 ’
130 789 225 857 videor
253 808 274 856 a
298 813 375 855 meo
394 803 518 881 tuoque
536 785 638 853 latere
656 811 801 879 pronum
820 787 864 854 ad
881 787 1025 856 honores
1046 791 1126 879 iter,
1143 807 1178 861 et

78 918 80 923 ·
130 899 225 967 audita
243 898 343 966 latius
361 898 513 979 nomina,
527 910 560 964 et
578 919 647 962 non
665 896 790 963 subitas
807 898 969 990 imagines
988 894 1175 969 relicturus.

130 1009 303 1077 Nascantur
325 1006 447 1092 modo,
466 1021 499 1074 et
518 1005 610 1073 hunc
627 1018 779 1074 nostrum
798 1005 946 1076 dolorem
965 1008 1087 1100 gaudio
1105 1032 1177 1080 mu·

78 1138 80 1153 ·
130 1130 193 1187 tant.
209 1117 303 1189 Vale.

129 1315 220 1370 lendum
230 1326 453 1383 est,seneotutem
464 1326 537 1366 tuam
546 1314 621 1385 quasi
669 1313 812 1378 scriberet,
843 1315 879 1366 ita
903 1313 992 1368 anima
1016 1331 1179 1373 commotum

129 1400 208 1465 paratis
216 1396 328 1467 posteris
337 1393 489 1447 destitutam
498 1412 563 1446 esse.
574 1395 601 1446 S.
669 1393 748 1446 fuisse
758 1410 804 1465 spe
815 1394 964 1447 futurorum
976 1396 1134 1462 liberorum,
1148 1411 1179 1452 ut

154 1478 175 1529 3.
190 1482 246 1527 Meo
264 1489 354 1541 tuoque
369 1477 451 1524 latere.
467 1474 580 1525 Paterno
595 1482 622 1523 et
669 1475 743 1544 quasi
756 1483 887 1537 ποιητικῶς
901 1475 1034 1529 scriberet.
1048 1479 1179 1542 Caeterum

128 1556 281 1607 natern0.E.
290 1556 422 1603 -Audita
433 1556 517 1612 latius.
529 1589 536 1603 .
548 1555 622 1602 ,ιἰηα·
670 1573 719 1604 non
732 1557 824 1605 subitas
838 1557 954 1623 imagines
969 1553 1047 1619 dixit,
1064 1576 1119 1609 non
1140 1578 1180 1612 re·

124 1637 188 1701 giras.
201 1635 263 1686 lieo
277 1631 305 1684 in
318 1632 440 1684 hocloco
454 1631 491 1683 ita
506 1641 567 1683 sunt
582 1649 623 1682 se·
671 1643 773 1686 centem
790 1643 835 1685 aut
852 1633 978 1686 novitiam
997 1636 1178 1701 nobilitatem,

125 1715 181 1766 lecta
191 1726 218 1766 et
230 1711 383 1784 splendida,
396 1723 427 1762 ut
436 1712 503 1763 mihi
515 1709 624 1762 videan-
671 1730 721 1764 nee
732 1713 820 1763 subito
828 1711 855 1762 in
864 1724 968 1781 gentem
977 1713 1091 1778 illatam,
1102 1714 1180 1767 adeo·

125 1805 160 1844 tur
179 1812 210 1845 ex
231 1792 321 1864 aliquo
339 1790 466 1861 scriptore
485 1789 527 1842 vel
544 1799 624 1862 poeta
672 1808 725 1862 que
733 1801 862 1842 vetustam
870 1801 895 1842 et
903 1791 991 1862 plures
998 1793 1180 1863 imaginesnu·

124 1874 190 1925 nohis
201 1872 336 1943 incognito
349 1871 403 1923 huo
416 1870 552 1922 translata.
564 1870 622 1922 Nisi
669 1879 824 1922 metantem.
835 1859 867 1921 E.
876 1900 912 1909 -—
920 1870 1091 1940 Calpurniam
1100 1872 1180 1925 duxe-

124 1953 181 2005 iorte
195 1952 314 2005 dieamus
323 1951 457 2011 Plinium,
471 1967 554 2020 quum
566 1947 622 2001 hee
670 1960 711 2004 rat
721 1949 793 2003 A.C.
804 1947 854 2013 983
865 1960 935 2001 astat,
947 1951 990 2002 36.
1000 1950 1054 2003 En.

124 2149 1181 2172 WRWWMWSMWBWBWBWWWMWWMWMMWWM

601 2337 690 2423 XI.

427 2562 528 2621 Soceri
543 2562 637 2618 sorori
651 2561 752 2621 eadem
766 2576 872 2621 narrat.

303 2772 334 2816 c.
362 2769 539 2816 erarius
565 2767 792 2815 nrsrunnn
818 2746 834 2776 ⁴⁵
858 2770 940 2816 sun
967 2774 993 2817 s

166 2968 295 3054 Quuru
310 2961 467 3030 affectum
483 2974 579 3026 tuum
594 2984 675 3054 erga
692 2959 804 3028 fratris
819 2959 922 3028 liliam
936 2964 1065 3057 cogito,
1082 2966 1182 3032 etiam

129 3091 269 3149 materna
283 3071 492 3166 indulgentia
508 3067 710 3156 molliorem,
729 3069 879 3164 intelligo
894 3073 987 3164 prius
1001 3074 1079 3161 tibi,
1093 3074 1183 3167 quod

131 3170 1182 3280 estposterius‚nuntiandum‚utpraesumptalaetitiasollicitudini

133 3292 230 3364 looum
250 3309 320 3363 non
343 3293 520 3387 relinquat.
547 3291 753 3383 Quanquam
770 3313 902 3375 vereor,
920 3314 963 3359 ne
980 3307 1056 3384 post
1073 3308 1184 3387 gratu·

134 3400 278 3474 lationem
297 3429 432 3497 quoque
449 3403 483 3468 in
503 3416 628 3470 metum
646 3399 776 3478 redeas;
791 3408 890 3491 atque
906 3400 952 3466 ita
971 3399 1114 3493 gaudeas
1127 3428 1183 3496 pe-

137 3515 227 3583 riculo
248 3514 442 3597 liberatam,
459 3526 497 3579 ut
517 3509 632 3596 simul,
651 3509 742 3603 quod
761 3508 945 3602 periclitata
964 3513 1024 3597 sit,
1043 3512 1183 3604 perhor-

138 3647 240 3693 rescas.
267 3628 341 3691 Jarn
366 3621 500 3708 hilaris,
516 3623 584 3714 jam
609 3613 691 3704 sihi,
705 3619 775 3712 jam
797 3619 879 3685 mihi
899 3618 1044 3707 reddita,
1067 3623 1185 3716 incipit
1203 3651 1217 3682 ω

140 3733 232 3819 refici,
249 3733 547 3824 transmissumque
561 3728 738 3798 discrimen
754 3728 1015 3797 convalescendo
1029 3735 1184 3801 remetiri.

167 3929 220 3982 XL*
230 3933 268 3984 De
278 3934 392 3998 Hispulla
400 3929 454 3981 vid.
465 3930 489 3991 Ι,
499 3929 574 4000 epist.
587 3947 645 4004 12„
678 3939 705 3980 et
717 3927 773 3981 vim
785 3929 871 3980 morbi
887 3928 1060 3999 imaginemur
1073 3942 1102 3981 ut
1119 3933 1188 3984 subi-

143 4023 168 4070 93
177 4010 226 4074 111,
236 4012 312 4082 epist.
326 4011 422 4072 3;IV‚
437 4008 511 4078 epist.
524 4025 566 4074 19.
577 4008 629 4058 En.
680 4017 736 4059 tum
755 4000 871 4077 aliquem
887 4009 915 4059 in
928 4007 1062 4078 profunda
1081 4007 1188 4084 descen-

132 4132 133 4137 ,
171 4107 191 4140 r.
201 4095 340 4142 Dirrrinoen.
348 4126 355 4141 .
363 4091 487 4141 ⁸remeu'ri.
498 4090 631 4138 Discrimen
681 4104 739 4138 sum
753 4087 794 4142 vel
809 4085 955 4157 delapsum.
967 4088 1021 4153 Qui
1035 4105 1062 4138 se
1073 4107 1103 4139 ex
1116 4088 1188 4157 gravi

998 4197 1036 4239 2.
