2654 4822
395 369 661 438 aprsrona
686 344 816 435 xus
1083 361 1131 457 39

59 494 209 567 trimonii
231 494 266 561 in
284 491 425 587 gloriam
445 490 690 586 perseverantia
711 501 865 558 verterat.
886 488 997 556 Habes
1014 512 1130 556 omnes
1151 515 1179 550 11

59 606 186 676 fabulas
209 605 315 673 urhis.
335 607 409 672 lam
429 618 507 671 suut
527 601 659 671 venales
681 599 802 670 tabulae
820 597 908 668 Tulli
933 624 940 665 :
962 613 1130 691 exspecta-

58 733 112 786 tur
130 717 256 786 auctio.
274 715 352 784 Fuit
365 717 458 783 enim
477 728 546 783 tam
567 714 740 807 copiosus,
756 726 794 779 ut
812 707 1034 804 amplissimos
1052 709 1129 775 hor-

59 844 109 898 tos
128 816 267 910 eodem,
284 852 354 920 quo
369 839 515 914 emerat,
531 825 584 893 die
605 824 802 892 instruxerit
822 820 974 915 plurimis
992 835 1025 886 et
1042 820 1129 885 anti-

59 939 226 1032 quissimis
244 938 372 1006 statuis.
389 940 534 1004 Tantum
554 934 601 1003 illi
619 934 923 1029 pulcherrimorum
937 955 1079 1025 operum
1094 931 1129 996 in

59 1049 206 1134 horreis,
221 1073 295 1141 quae
310 1045 575 1141 negligebantur.
590 1048 738 1114 Invicem
756 1060 811 1130 tu,
825 1044 851 1112 si
868 1041 950 1136 quid
966 1042 1039 1108 istic
1056 1041 1127 1133 epi·

59 1158 142 1227 stola
162 1158 322 1252 dignum,
341 1183 383 1225 ne
402 1182 540 1251 gravare
557 1157 710 1226 scribere.
724 1158 812 1226 Nam
831 1179 936 1247 quum
955 1175 1050 1220 aures
1069 1152 1127 1218 ho·
1149 1189 1181 1224 η

58 1271 187 1337 minum
205 1271 354 1337 novitate
368 1268 540 1356 laetentur,
557 1282 630 1336 tum
645 1267 686 1336 ad
701 1267 865 1334 rationem
878 1266 954 1332 vitae
969 1260 1128 1356 exemplis

59 1379 240 1447 erudimur.
250 1378 344 1447 Vale.

58 1553 194 1614 comparat
210 1541 380 1608 Buchnerus‚
398 1545 475 1616 cujus
488 1543 569 1596 versi·
657 1561 698 1613 17.
711 1548 769 1592 Jam
779 1542 944 1590 suntvenales
954 1544 1045 1590 tabutoe
1057 1543 1126 1589 Tulli.

58 1621 130 1675 culos
139 1621 230 1675 retulit
237 1622 336 1674 Seneca
346 1622 420 1692 epist.
439 1639 504 1674 101:
617 1621 743 1693 Argutior
759 1615 879 1690 adeoque
894 1617 1008 1671 Secundi
1023 1618 1128 1688 ingenio

11 1700 16 1705 ⁵
149 1741 239 1781 nehus
252 1741 312 1781 “dm
324 1756 383 1781 nunu
412 1708 415 1713 ’
617 1699 724 1771 dignior
740 1700 817 1752 lectio
828 1697 940 1750 Medicei
956 1698 1033 1760 libri,
1047 1715 1128 1778 quam

149 1803 240 1842 nobilem
253 1805 317 1856 pias,
330 1770 397 1843 cmi
618 1780 723 1832 Cortius
739 1778 848 1832 adscivit
864 1796 869 1829 :
888 1777 975 1830 Habes
994 1797 1075 1827 omnes
1079 1780 1127 1845 fa-

148 1866 215 1905 Tuber
227 1867 307 1905 adstrue
320 1867 438 1918 gibbonus,
617 1862 686 1910 bulas
700 1863 782 1909 urbis:
798 1878 856 1908 nam
872 1872 930 1908 sunt
942 1875 1025 1907 omnes
1031 1859 1129 1924 fabulas

148 1927 244 1966 lubricos
256 1937 313 1979 quate
324 1929 402 1968 dentem
621 1942 710 1990 Tullus.
723 1939 750 1992 s

148 1989 195 2028 Vita
210 1991 257 2027 dnm
271 2000 371 2042 superest,
384 1990 435 2028 hene
446 1999 481 2030 est.
941 2015 946 2025 .

148 2048 205 2089 um
219 2049 281 2097 mihi,
295 2050 327 2089 η]
340 2061 395 2090 ,m
656 2036 697 2070 12.
720 2024 852 2068 Laetencur.
875 2015 981 2067 Coruus
1004 2019 1127 2065 Ioetantur.

147 2111 170 2152 si
183 2113 261 2151 naam
274 2127 345 2160 eruce,
358 2114 441 2154 nsum.
495 2114 521 2155 o.
616 2095 808 2163 Vid.adV11‚
823 2096 855 2158 8,
871 2096 896 2148 3.
910 2095 937 2146 S.

68 2261 1121 2286 mmmmwwnunwwmuswwnwswhfflmwumwswwnmm

519 2416 662 2503 XIX.

62 2617 226 2676 Infinnitate
238 2631 267 2676 et
277 2617 422 2676 mortibus
432 2635 551 2675 suorum
564 2617 709 2690 turbatus,
722 2619 856 2676 solatium
864 2618 896 2675 in
906 2618 996 2676 literis
1008 2617 1126 2695 quaerit,

137 2715 141 2722 '
349 2727 378 2772 et
393 2714 501 2773 librum
514 2714 733 2773 emendandum.
743 2715 838 2773 mittit.

282 2899 312 2944 c.
341 2899 521 2975 parimus
547 2898 725 2945 Maximo
744 2874 759 2904 ⁴*
785 2900 863 2946 suo
890 2900 915 2946 s.

103 3041 160 3107 Er
181 3038 342 3131 gaudium
360 3039 443 3105 mihi
464 3053 496 3106 et
515 3037 670 3107 solatium
691 3040 727 3106 in
746 3037 870 3126 literis;
888 3039 1039 3131 nihilque
1057 3054 1127 3129 tam

62 3147 187 3236 latum,
209 3149 301 3241 quod
322 3149 374 3217 his
395 3149 520 3235 laetius;
539 3148 623 3217 nihil
644 3164 712 3218 tam
734 3151 848 3233 triste,
869 3149 959 3241 quod
978 3173 1047 3219 non
1067 3175 1127 3242 per

62 3256 114 3326 has
132 3261 176 3327 sit
194 3260 307 3327 minus
325 3259 430 3327 triste.
449 3264 568 3353 Itaque
586 3273 619 3327 et
638 3258 833 3328 infirmitate
848 3260 978 3343 uxoris,
991 3274 1024 3327 et
1040 3285 1127 3328 meo

63 3391 130 3434 rum
148 3367 322 3461 periculo,
335 3368 557 3460 quorumdam
571 3370 763 3438 nemetiam
779 3384 886 3437 morte
902 3369 1073 3453 turbatus,
1083 3370 1127 3438 ad

63 3479 194 3546 unicum
204 3477 328 3546 doloris
337 3477 560 3548 levamentum
572 3480 680 3549 studia
688 3480 946 3575 consugi0;quae
954 3495 1126 3574 praestant,

64 3599 96 3652 ut
117 3586 256 3655 adversa
282 3590 387 3682 magis
415 3589 621 3684 intelligam,
640 3590 696 3659 sed
722 3591 904 3683 patientius
928 3591 1043 3659 feram.
1067 3595 1127 3661 Est
1146 3623 1161 3656 2

65 3689 169 3767 autem
192 3698 278 3766 mihi
300 3700 422 3786 moriS,
442 3700 533 3794 quod
556 3691 630 3769 sum
654 3701 792 3770 daturus
815 3703 850 3770 in
873 3727 992 3770 manus
1014 3703 1126 3770 homi-

65 3830 157 3894 num,
177 3823 257 3877 ante
279 3812 465 3881 amicorum
483 3812 611 3905 judicio
631 3814 836 3898 examinare,
856 3815 891 3880 in
915 3815 1032 3907 primis
1055 3829 1124 3882 tuo.

94 3994 162 4048 xlx.
174 3997 189 4024 *
205 3999 244 4049 De
258 4002 372 4050 Maximo
389 3998 443 4052 vid.
465 3998 498 4051 ad
521 4000 566 4063 11,
617 4006 691 4053 triste.
700 4003 801 4074 Repetit
808 4002 965 4055 sententiam
973 4002 1127 4074 anteceden-

68 4089 103 4142 ep.
117 4083 157 4141 14.
170 4078 221 4130 En.
616 4094 679 4145 tem3
688 4080 733 4134 sed
738 4082 842 4152 gravius
851 4100 982 4134 :summum
987 4081 1125 4153 gaudium,

97 4159 249 4226 1.It⁷ihilquc
257 4173 309 4211 tam
318 4163 400 4213 tecum
406 4197 483 4212 .....
489 4165 567 4221 minus
615 4161 1064 4219 summumsolatiumestintisffln.
1149 4229 1151 4237 Ι
